3246 5196
543 1151 700 1225 LIBER
732 1151 960 1242 QVINTVS

267 1367 511 1417 ARGVMENTVM
538 1369 635 1417 LIBRI
662 1371 701 1417 v·
729 1353 879 1419 habitum
908 1353 1138 1420 aeonsulibus
1165 1357 1201 1420 in
1223 1358 1325 1444 Epiro
1337 1356 1409 1420 62³,

181 1463 327 1519 senatum.
378 1464 511 1519 senatus
544 1455 728 1520 consultum
760 1476 801 1520 err
828 1454 961 1520 Lentuli
993 1457 1140 1522 oratione
1173 1459 1214 1524 de
1242 1459 1324 1524 duce

180 1555 335 1642 Pompeio
363 1555 573 1635 dessonando.
618 1555 757 1644 Delphis
789 1557 941 1642 ambiguo
970 1579 1128 1644 responso
1156 1559 1321 1646 Apollinis

94 1730 100 1734 ¹
179 1657 425 1743 persuasionem
446 1658 536 1744 Appi
564 1658 734 1744 deceptam
763 1659 819 1747 qui
848 1668 1037 1744 sperauerat
1065 1682 1100 1724 se
1127 1659 1162 1724 in
1187 1663 1357 1728 Euboeae

139 1789 152 1810 ο
179 1769 392 1843 regnaturum
420 1765 451 1824 in
478 1782 542 1846 qua
564 1759 710 1846 sepultus
734 1770 793 1836 est.
838 1759 1033 1826 seditionem
1055 1763 1219 1827 exercitus
1243 1763 1323 1829 Cae·

74 1900 86 1912 ·
180 1861 262 1926 saris
296 1861 447 1926 contione
479 1862 585 1947 ipsius
617 1883 809 1948 oppressam
841 1872 874 1927 et
907 1860 1032 1926 occisos
1061 1871 1211 1929 auctores
1240 1866 1321 1930 eius.

177 1964 287 2048 ipsum
318 1964 499 2049 praemisso
531 1965 677 2028 exercitu
710 1963 934 2028 Brundusium
962 1962 1099 2028 Romam
1133 1965 1257 2050 petisse
1290 1976 1323 2032 et

179 2064 372 2130 dictatorem
399 2074 497 2152 atque
525 2063 693 2129 consulem
719 2073 864 2129 creatum
885 2063 1020 2128 Latinas
1049 2062 1149 2130 ferias
1173 2088 1321 2138 consume

177 2189 285 2232 masse
306 2167 340 2230 in
362 2175 473 2232 monte
491 2165 642 2249 Albano,
670 2167 836 2231 naiecisse
859 2167 978 2231 deinde
1001 2168 1163 2232 exercitus
1186 2169 1221 2231 in
1241 2167 1320 2255 Epi·
1341 2183 1372 2231 10

176 2290 264 2332 rumr
297 2269 502 2353 tempestatis
519 2268 773 2354 descriptionem
788 2290 853 2355 qua
872 2279 1014 2334 uexatus
1032 2278 1083 2333 est
1097 2268 1230 2353 Caesar,
1247 2293 1322 2336 cum

177 2371 291 2436 furtim
313 2378 411 2434 noctu
433 2367 731 2434 nauiculam-solus
756 2369 964 2434 dissuadente
985 2379 1088 2435 nauta
1114 2372 1320 2436 conscendis·

178 2481 227 2536 set
259 2472 301 2536 ad
334 2470 546 2536 arcessendas
580 2469 735 2557 reliquias
771 2472 940 2557 copiarum
967 2494 1050 2558 quae
1081 2471 1143 2536 sub
1174 2473 1319 2538 Antonio

176 2573 343 2638 Brundusi
365 2582 468 2638 erant.
506 2571 692 2657 ablegatam
715 2594 734 2637 α
755 2572 911 2658 Pompeio
928 2571 1115 2637 Corneliam
1135 2573 1276 2638 Lesbon.
1338 2601 1370 2649 15

301 2673 461 2739 Lentulus
485 2674 605 2738 affatur
625 2682 820 2738 maerentem
842 2695 923 2737 uoce
945 2682 1106 2738 senatum.

302 2774 481 2841 consulitur
502 2775 601 2840 dubio
623 2774 748 2839 Phoebi
772 2774 811 2839 de
834 2783 938 2838 marte
962 2773 1124 2838 sacerdos.

253 2921 255 2929 ι
301 2880 428 2942 interea
449 2875 551 2942 multo
574 2875 683 2942 fessus
705 2877 771 2941 iam
793 2876 939 2941 membra
960 2874 1073 2941 labore

301 2979 393 3044 miles
416 2979 566 3066 deposcit
586 2977 735 3043 modicae
758 2978 821 3043 sibi
843 2987 992 3064 tempora
1013 2980 1117 3057 uitae,

301 3103 396 3167 quem
419 3078 515 3145 solita
537 3080 662 3166 spernit
683 3079 802 3145 mentis
825 3079 1010 3145 constantia
1025 3079 1165 3146 Caesar.
1334 3107 1367 3156 20

301 3181 387 3246 inde.
401 3182 485 3268 petit
506 3190 595 3246 tutus
618 3181 766 3246 desertae
788 3181 918 3246 moenia
939 3181 1073 3246 Romae«

294 3278 585 3369 ¹Brundusiumque
607 3282 693 3348 celer
714 3283 881 3369 tenuitque
904 3281 1067 3348 Ceraunia
1087 3283 1183 3348 uelis.
1273 3357 1277 3365 ,

299 3373 376 3450 bine
397 3385 476 3450 fatis
498 3384 601 3450 fretus
623 3406 760 3471 paruam
781 3384 999 3450 conscendere
1021 3407 1162 3471 puppem

300 3509 399 3552 ausus
421 3495 631 3574 pernoctem
653 3485 722 3552 solo
745 3486 917 3550 comitatus
938 3484 1079 3551 Amicla
1243 3557 1248 3569 ι

299 3588 484 3654 Corneliam
505 3587 626 3673 Magno
650 3596 776 3654 tutatur
800 3586 910 3651 insula
930 3585 1066 3651 Lesbos.
1331 3615 1363 3662 25

241 3782 256 3828 2
276 3795 292 3830 a
309 3781 400 3830 addidi
411 3795 446 3830 ea
460 3779 485 3831 U
505 3775 516 3846 Η
539 3781 692 3830 caenatum
705 3778 822 3842 suppleat
843 3771 855 3842 Η
879 3773 1125 3827 consultrilcnturio
1143 3779 1251 3827 ratione
1266 3778 1287 3827 G
1300 3779 1312 3841 Η

171 3850 188 3897 4
207 3848 332 3914 pompeio
345 3846 593 3912 defundodellphis
603 3846 624 3896 C
642 3842 654 3913 Η
678 3846 805 3912 ambiguo
817 3861 863 3896 res
883 3860 949 3895 onso
961 3844 1098 3910 Apollinis
1115 3847 1211 3910 scripsi
1226 3845 1313 3895 eall:

173 3915 303 3981 ambigue
326 3915 452 3982 responsa
476 3914 607 3980 apollinis
625 3914 779 3980 responsum
803 3909 822 3963 C
855 3861 881 3979 [C
899 3915 914 3962 ὃ
933 3917 957 3971 Ρ
975 3912 1124 3962 suasionem
1145 3911 1231 3976 (prius
1250 3913 1312 3962 seco

171 3983 294 4048 curalo*
321 3980 333 4048 Η
361 3983 548 4032 ineuboicaO
572 3983 601 4033 in
621 3983 721 4033 euboia
742 3982 771 4032 (J.
801 3998 835 4032 on
853 3982 881 4030 in
899 3980 1026 4032 Euboica
1046 3978 1190 4046 [regione]
1212 3995 1311 4046 regna-

172 4052 279 4100 turum?
292 4047 314 4118 Η
338 4053 353 4100 6
371 4051 400 4099 in
418 4052 509 4100 addidi
525 4067 560 4101 ea
580 4051 602 4101 ll
623 4047 635 4116 Η
664 4050 803 4100 'locciscs
822 4049 845 4100 {J
863 4048 964 4099 otiosos
979 4049 999 4098 O
1019 4043 1032 4115 Η
1055 4051 1071 4098 8
1090 4045 1213 4098 exercitri
1230 4047 1312 4098 brun·

171 4119 289 4168 dusioO
315 4118 487 4169 emendatos)
514 4114 526 4183 Η
553 4121 584 4167 12
602 4122 688 4168 naute
705 4117 777 4181 prO
804 4114 816 4183 Η
841 4119 872 4167 15
892 4133 908 4166 a
926 4117 1017 4167 addidi
1032 4132 1067 4167 ecc
1087 4116 1110 4166 Il
1132 4112 1143 4181 Η
1170 4115 1245 4164 lesbo
1264 4115 1310 4178 Ol!

173 4189 204 4235 16
221 4201 415 4238 rnsvunurua
434 4200 514 4235 arsur
528 4200 570 4234 ·v·
584 4184 690 4250 (rubro)
706 4185 842 4235 Lentulus
852 4185 878 4236 Ο.
901 4200 990 4234 uerna
1007 4192 1140 4249 sequentes
1158 4199 1208 4232 non
1225 4185 1312 4247 dispo-

169 4256 214 4304 siti
230 4255 278 4304 sed
293 4259 412 4305 continuo
428 4255 558 4318 scriptura
574 4257 680 4304 exarati
706 4249 718 4319 Η
747 4255 778 4303 17
797 4252 872 4302 foebi
892 4253 912 4302 O
933 4249 944 4318 Η
976 4254 1008 4301 21
1026 4252 1090 4301 inde
1108 4242 1250 4316 pedituras
1265 4251 1310 4315 (ΣΗ

169 4325 203 4372 22
221 4323 312 4373 tenuit
330 4322 441 4386 quaeG
473 4317 484 4386 ΙΙ
516 4321 707 4386 23νριιρεωο
737 4317 748 4387 Η
781 4322 815 4370 24
836 4318 973 4369 amielriO
1002 4316 1013 4387 Η
1046 4321 1079 4369 25
1095 4320 1158 4383 fort.
1177 4322 1309 4369 tutatast·

171 4392 219 4440 aed
243 4391 287 4454 cf:
307 4409 331 4442 u.
355 4393 388 4440 20
415 4389 567 4440 constantis
586 4389 700 4440 Cacsar.
