<?xml version="1.0" encoding="UTF-8"?>
<!DOCTYPE html PUBLIC "-//W3C//DTD XHTML 1.0 Transitional//EN"
    "http://www.w3.org/TR/xhtml1/DTD/xhtml1-transitional.dtd">
<html xmlns="http://www.w3.org/1999/xhtml" xml:lang="en" lang="en">
 <head>
  <title>
</title>
<meta http-equiv="Content-Type" content="text/html;charset=utf-8" />
  <meta name='ocr-system' content='tesseract 3.04.00' />
  <meta name='ocr-capabilities' content='ocr_page ocr_carea ocr_par ocr_line ocrx_word'/>
</head>
<body>
  <div class='ocr_page' id='page_1' title='image "./scholiainlucani00usengoog_0018.png"; bbox 0 0 3294 5200; ppageno 0'>
   <div class='ocr_carea' id='block_1_1' title="bbox 448 1333 1052 1415">
    <p class='ocr_par' dir='ltr' id='par_1_1' title="bbox 448 1333 1052 1415">
     <span class='ocr_line' id='line_1_1' title="bbox 448 1333 1052 1415; baseline -0.005 -3"><span class='ocrx_word' id='word_1_1' title='bbox 448 1339 682 1415; x_wconf 80' lang='lat' dir='ltr'><strong><em>SVETONI</em></strong></span> <span class='ocrx_word' id='word_1_2' title='bbox 703 1333 830 1414; x_wconf 83' lang='lat' dir='ltr'><strong>VITA</strong></span> <span class='ocrx_word' id='word_1_3' title='bbox 856 1333 1052 1412; x_wconf 81' lang='lat' dir='ltr'>LVOANI</span> 
     </span>
    </p>
   </div>
   <div class='ocr_carea' id='block_1_2' title="bbox 177 1553 1357 1757">
    <p class='ocr_par' dir='ltr' id='par_1_2' title="bbox 177 1553 1357 1757">
     <span class='ocr_line' id='line_1_2' title="bbox 262 1553 1357 1642; baseline -0.002 -22"><span class='ocrx_word' id='word_1_4' title='bbox 262 1581 372 1620; x_wconf 72' lang='lat' dir='ltr'>*is*</span> <span class='ocrx_word' id='word_1_5' title='bbox 400 1557 507 1642; x_wconf 86' lang='lat' dir='ltr'>prima</span> <span class='ocrx_word' id='word_1_6' title='bbox 533 1557 657 1640; x_wconf 82' lang='lat' dir='ltr'>ingenii</span> <span class='ocrx_word' id='word_1_7' title='bbox 684 1556 908 1642; x_wconf 85' lang='lat' dir='ltr'>experimenta</span> <span class='ocrx_word' id='word_1_8' title='bbox 936 1555 971 1618; x_wconf 92' lang='lat' dir='ltr'>in</span> <span class='ocrx_word' id='word_1_9' title='bbox 999 1554 1140 1620; x_wconf 88' lang='lat' dir='ltr'>Neronis</span> <span class='ocrx_word' id='word_1_10' title='bbox 1169 1553 1357 1634; x_wconf 68' lang='lat' dir='ltr'>laudibus?</span> 
     </span>
     <span class='ocr_line' id='line_1_3' title="bbox 177 1654 1320 1757; baseline -0.003 -35"><span class='ocrx_word' id='word_1_11' title='bbox 177 1657 267 1722; x_wconf 83' lang='lat' dir='ltr'><strong>dedit</strong></span> <span class='ocrx_word' id='word_1_12' title='bbox 289 1657 521 1746; x_wconf 85' lang='lat' dir='ltr'>quinquennali</span> <span class='ocrx_word' id='word_1_13' title='bbox 543 1658 730 1724; x_wconf 80' lang='lat' dir='ltr'>certamine.</span> <span class='ocrx_word' id='word_1_14' title='bbox 769 1658 846 1721; x_wconf 86' lang='lat' dir='ltr'>dein</span> <span class='ocrx_word' id='word_1_15' title='bbox 869 1656 1057 1757; x_wconf 23' lang='lat' dir='ltr'>*istciuile</span> <span class='ocrx_word' id='word_1_16' title='bbox 1078 1655 1198 1745; x_wconf 85' lang='lat' dir='ltr'>bellum</span> <span class='ocrx_word' id='word_1_17' title='bbox 1217 1654 1320 1742; x_wconf 84' lang='lat' dir='ltr'>[quod</span> 
     </span>
    </p>
   </div>
   <div class='ocr_carea' id='block_1_3' title="bbox 178 1859 380 1866">
    <p class='ocr_par' dir='ltr' id='par_1_3' title="bbox 178 1859 380 1866">
     <span class='ocr_line' id='line_1_4' title="bbox 178 1859 380 1866; baseline 0 -2"><span class='ocrx_word' id='word_1_18' title='bbox 178 1859 380 1866; x_wconf 72' lang='lat'>——.—..—</span> 
     </span>
    </p>
   </div>
   <div class='ocr_carea' id='block_1_4' title="bbox 178 1982 1322 2387">
    <p class='ocr_par' dir='ltr' id='par_1_4' title="bbox 178 1982 1322 2387">
     <span class='ocr_line' id='line_1_5' title="bbox 247 1982 1319 2047; baseline -0.004 -13"><span class='ocrx_word' id='word_1_19' title='bbox 247 1983 421 2034; x_wconf 79' lang='lat' dir='ltr'>‘Commenta&#39;</span> <span class='ocrx_word' id='word_1_20' title='bbox 445 1985 545 2047; x_wconf 84' lang='lat' dir='ltr'>intepru</span> <span class='ocrx_word' id='word_1_21' title='bbox 561 1987 631 2034; x_wconf 79' lang='lat' dir='ltr'>salu‘s</span> <span class='ocrx_word' id='word_1_22' title='bbox 649 1986 733 2034; x_wconf 79' lang='lat' dir='ltr'>codsa</span> <span class='ocrx_word' id='word_1_23' title='bbox 750 1983 893 2034; x_wconf 86' lang='lat' dir='ltr'>Beruensis</span> <span class='ocrx_word' id='word_1_24' title='bbox 910 1985 960 2033; x_wconf 81' lang='lat'>370</span> <span class='ocrx_word' id='word_1_25' title='bbox 976 2002 1011 2026; x_wconf 91' lang='lat'><strong><em>=</em></strong></span> <span class='ocrx_word' id='word_1_26' title='bbox 1029 1982 1049 2032; x_wconf 84' lang='lat'><em>0</em></span> <span class='ocrx_word' id='word_1_27' title='bbox 1065 1984 1186 2032; x_wconf 87' lang='lat' dir='ltr'>seruauit.</span> <span class='ocrx_word' id='word_1_28' title='bbox 1223 1985 1264 2031; x_wconf 91' lang='lat' dir='ltr'>cui</span> <span class='ocrx_word' id='word_1_29' title='bbox 1281 1989 1319 2031; x_wconf 89' lang='lat' dir='ltr'>ta·</span> 
     </span>
     <span class='ocr_line' id='line_1_6' title="bbox 178 2051 1321 2116; baseline -0.001 -16"><span class='ocrx_word' id='word_1_30' title='bbox 178 2066 232 2101; x_wconf 84' lang='lat' dir='ltr'>men</span> <span class='ocrx_word' id='word_1_31' title='bbox 255 2067 321 2116; x_wconf 87' lang='lat' dir='ltr'>quoe</span> <span class='ocrx_word' id='word_1_32' title='bbox 346 2068 362 2100; x_wconf 94' lang='lat' dir='ltr'>a</span> <span class='ocrx_word' id='word_1_33' title='bbox 377 2054 506 2114; x_wconf 89' lang='lat' dir='ltr'>principio</span> <span class='ocrx_word' id='word_1_34' title='bbox 524 2067 602 2116; x_wconf 86' lang='lat' dir='ltr'>usque</span> <span class='ocrx_word' id='word_1_35' title='bbox 625 2053 661 2101; x_wconf 84' lang='lat' dir='ltr'>ad</span> <span class='ocrx_word' id='word_1_36' title='bbox 681 2053 793 2101; x_wconf 78' lang='lat' dir='ltr'>scholion</span> <span class='ocrx_word' id='word_1_37' title='bbox 815 2055 831 2101; x_wconf 89' lang='lat' dir='ltr'>l.</span> <span class='ocrx_word' id='word_1_38' title='bbox 851 2052 869 2100; x_wconf 89' lang='lat' dir='ltr'><em>J</em></span> <span class='ocrx_word' id='word_1_39' title='bbox 886 2053 935 2100; x_wconf 84' lang='grc'>396</span> <span class='ocrx_word' id='word_1_40' title='bbox 954 2052 1178 2100; x_wconf 86' lang='lat' dir='ltr'>‘Adnotationum’</span> <span class='ocrx_word' id='word_1_41' title='bbox 1202 2051 1321 2099; x_wconf 85' lang='lat' dir='ltr'>diuersae</span> 
     </span>
     <span class='ocr_line' id='line_1_7' title="bbox 178 2119 1321 2182; baseline -0.002 -14"><span class='ocrx_word' id='word_1_42' title='bbox 178 2120 326 2169; x_wconf 74' lang='lat' dir='ltr'>scholiorum</span> <span class='ocrx_word' id='word_1_43' title='bbox 348 2119 532 2182; x_wconf 75' lang='lat' dir='ltr'>compilationis</span> <span class='ocrx_word' id='word_1_44' title='bbox 550 2121 699 2169; x_wconf 69' lang='lat' dir='ltr'>interminio</span> <span class='ocrx_word' id='word_1_45' title='bbox 715 2127 773 2168; x_wconf 87' lang='lat' dir='ltr'>sunt</span> <span class='ocrx_word' id='word_1_46' title='bbox 791 2127 818 2168; x_wconf 87' lang='lat' dir='ltr'>et</span> <span class='ocrx_word' id='word_1_47' title='bbox 839 2121 892 2168; x_wconf 88' lang='lat' dir='ltr'>uita</span> <span class='ocrx_word' id='word_1_48' title='bbox 915 2127 1007 2182; x_wconf 85' lang='lat' dir='ltr'>poetae</span> <span class='ocrx_word' id='word_1_49' title='bbox 1030 2126 1055 2167; x_wconf 91' lang='lat' dir='ltr'>et</span> <span class='ocrx_word' id='word_1_50' title='bbox 1072 2125 1242 2181; x_wconf 78' lang='lat' dir='ltr'>nrpumentum</span> <span class='ocrx_word' id='word_1_51' title='bbox 1263 2134 1321 2166; x_wconf 88' lang='lat' dir='ltr'>cor·</span> 
     </span>
     <span class='ocr_line' id='line_1_8' title="bbox 178 2187 1321 2251; baseline 0 -17"><span class='ocrx_word' id='word_1_52' title='bbox 178 2189 249 2235; x_wconf 81' lang='lat' dir='ltr'>ruinis</span> <span class='ocrx_word' id='word_1_53' title='bbox 267 2193 292 2236; x_wconf 92' lang='lat' dir='ltr'>et</span> <span class='ocrx_word' id='word_1_54' title='bbox 313 2187 420 2244; x_wconf 77' lang='lat' dir='ltr'>saltatio,</span> <span class='ocrx_word' id='word_1_55' title='bbox 444 2187 507 2235; x_wconf 82' lang='lat' dir='ltr'>liaeo</span> <span class='ocrx_word' id='word_1_56' title='bbox 528 2203 544 2235; x_wconf 88' lang='lat' dir='ltr'>a</span> <span class='ocrx_word' id='word_1_57' title='bbox 562 2189 704 2236; x_wconf 85' lang='lat' dir='ltr'>commentis</span> <span class='ocrx_word' id='word_1_58' title='bbox 723 2189 847 2250; x_wconf 83' lang='lat' dir='ltr'>soporoui</span> <span class='ocrx_word' id='word_1_59' title='bbox 868 2193 893 2236; x_wconf 91' lang='lat' dir='ltr'>et</span> <span class='ocrx_word' id='word_1_60' title='bbox 911 2190 989 2237; x_wconf 87' lang='lat' dir='ltr'>atteri</span> <span class='ocrx_word' id='word_1_61' title='bbox 1010 2188 1137 2244; x_wconf 87' lang='lat' dir='ltr'>uolumini,</span> <span class='ocrx_word' id='word_1_62' title='bbox 1161 2203 1210 2251; x_wconf 84' lang='lat' dir='ltr'>qao</span> <span class='ocrx_word' id='word_1_63' title='bbox 1229 2187 1321 2234; x_wconf 77' lang='lat' dir='ltr'>‘adno-</span> 
     </span>
     <span class='ocr_line' id='line_1_9' title="bbox 178 2253 1322 2319; baseline -0.001 -17"><span class='ocrx_word' id='word_1_64' title='bbox 178 2257 297 2304; x_wconf 86' lang='lat' dir='ltr'>tationes&#39;</span> <span class='ocrx_word' id='word_1_65' title='bbox 321 2256 357 2304; x_wconf 83' lang='lat' dir='ltr'>ad</span> <span class='ocrx_word' id='word_1_66' title='bbox 372 2253 492 2304; x_wconf 86' lang='lat' dir='ltr'>librorum</span> <span class='ocrx_word' id='word_1_67' title='bbox 511 2256 590 2317; x_wconf 77' lang='lat' dir='ltr'>fidem</span> <span class='ocrx_word' id='word_1_68' title='bbox 606 2257 748 2304; x_wconf 77' lang='lat' dir='ltr'>recensitas</span> <span class='ocrx_word' id='word_1_69' title='bbox 765 2257 850 2314; x_wconf 82' lang='lat' dir='ltr'>etiam,</span> <span class='ocrx_word' id='word_1_70' title='bbox 872 2257 978 2319; x_wconf 88' lang='lat' dir='ltr'>reposui</span> <span class='ocrx_word' id='word_1_71' title='bbox 996 2256 1184 2303; x_wconf 76' lang='lat' dir='ltr'>accuratissime</span> <span class='ocrx_word' id='word_1_72' title='bbox 1201 2255 1322 2303; x_wconf 84' lang='lat' dir='ltr'>iridicotis</span> 
     </span>
     <span class='ocr_line' id='line_1_10' title="bbox 180 2323 1008 2387; baseline -0.006 -16"><span class='ocrx_word' id='word_1_73' title='bbox 180 2337 347 2387; x_wconf 86' lang='lat' dir='ltr'>quoecumque</span> <span class='ocrx_word' id='word_1_74' title='bbox 368 2323 447 2372; x_wconf 88' lang='lat' dir='ltr'>omisi.</span> <span class='ocrx_word' id='word_1_75' title='bbox 1006 2331 1008 2336; x_wconf 91' lang='lat'>·</span> 
     </span>
    </p>
   </div>
   <div class='ocr_carea' id='block_1_5' title="bbox 179 2488 1327 3570">
    <p class='ocr_par' dir='ltr' id='par_1_5' title="bbox 179 2488 1327 3570">
     <span class='ocr_line' id='line_1_11' title="bbox 246 2488 1320 2556; baseline 0.002 -16"><span class='ocrx_word' id='word_1_76' title='bbox 246 2491 386 2541; x_wconf 81' lang='lat' dir='ltr'>Praecedit</span> <span class='ocrx_word' id='word_1_77' title='bbox 401 2491 422 2552; x_wconf 80' lang='lat' dir='ltr'>f.</span> <span class='ocrx_word' id='word_1_78' title='bbox 438 2493 450 2540; x_wconf 89' lang='lat'>1</span> <span class='ocrx_word' id='word_1_79' title='bbox 467 2518 500 2526; x_wconf 84' lang='lat'>—</span> <span class='ocrx_word' id='word_1_80' title='bbox 511 2493 531 2554; x_wconf 76' lang='lat' dir='ltr'>s.</span> <span class='ocrx_word' id='word_1_81' title='bbox 551 2495 578 2541; x_wconf 70' lang='lat' dir='ltr'>‘t‘</span> <span class='ocrx_word' id='word_1_82' title='bbox 600 2494 654 2542; x_wconf 87' lang='lat' dir='ltr'>uita</span> <span class='ocrx_word' id='word_1_83' title='bbox 677 2493 891 2544; x_wconf 82' lang='lat' dir='ltr'>Adnototionibus</span> <span class='ocrx_word' id='word_1_84' title='bbox 912 2495 1048 2556; x_wconf 78' lang='lat' dir='ltr'>praefixo:</span> <span class='ocrx_word' id='word_1_85' title='bbox 1070 2488 1089 2540; x_wconf 76' lang='lat' dir='ltr'>ai</span> <span class='ocrx_word' id='word_1_86' title='bbox 1112 2506 1218 2541; x_wconf 84' lang='lat' dir='ltr'>anneus</span> <span class='ocrx_word' id='word_1_87' title='bbox 1243 2530 1320 2542; x_wconf 89' lang='grc'><strong>.....</strong></span> 
     </span>
     <span class='ocr_line' id='line_1_12' title="bbox 180 2560 1322 2626; baseline 0.001 -18"><span class='ocrx_word' id='word_1_88' title='bbox 180 2560 315 2608; x_wconf 64' lang='lat' dir='ltr'>accessioss</span> <span class='ocrx_word' id='word_1_89' title='bbox 354 2573 422 2608; x_wconf 68' lang='lat' dir='ltr'>rma</span> <span class='ocrx_word' id='word_1_90' title='bbox 446 2575 723 2612; x_wconf 76' lang='lat' dir='ltr'>Lv·AN1}]er101T.</span> <span class='ocrx_word' id='word_1_91' title='bbox 758 2564 874 2626; x_wconf 89' lang='lat' dir='ltr'>sequitur</span> <span class='ocrx_word' id='word_1_92' title='bbox 892 2563 958 2610; x_wconf 87' lang='lat' dir='ltr'>nulio</span> <span class='ocrx_word' id='word_1_93' title='bbox 977 2563 1060 2609; x_wconf 84' lang='lat' dir='ltr'>indice</span> <span class='ocrx_word' id='word_1_94' title='bbox 1077 2561 1141 2609; x_wconf 76' lang='lat' dir='ltr'>iaec</span> <span class='ocrx_word' id='word_1_95' title='bbox 1158 2563 1224 2617; x_wconf 87' lang='lat' dir='ltr'>uita,</span> <span class='ocrx_word' id='word_1_96' title='bbox 1249 2576 1322 2624; x_wconf 88' lang='lat' dir='ltr'>qaam</span> 
     </span>
     <span class='ocr_line' id='line_1_13' title="bbox 180 2627 1322 2691; baseline -0.001 -15"><span class='ocrx_word' id='word_1_97' title='bbox 180 2627 300 2677; x_wconf 79' lang='lat' dir='ltr'>Suetonio</span> <span class='ocrx_word' id='word_1_98' title='bbox 328 2627 418 2676; x_wconf 83' lang='lat' dir='ltr'>deberi</span> <span class='ocrx_word' id='word_1_99' title='bbox 443 2634 467 2676; x_wconf 90' lang='lat' dir='ltr'>et</span> <span class='ocrx_word' id='word_1_100' title='bbox 494 2628 521 2676; x_wconf 89' lang='lat' dir='ltr'>I.</span> <span class='ocrx_word' id='word_1_101' title='bbox 539 2629 564 2676; x_wconf 91' lang='lat' dir='ltr'>I.</span> <span class='ocrx_word' id='word_1_102' title='bbox 590 2628 706 2691; x_wconf 81' lang='lat' dir='ltr'>Scaliqer</span> <span class='ocrx_word' id='word_1_103' title='bbox 731 2629 758 2677; x_wconf 84' lang='lat' dir='ltr'>iu</span> <span class='ocrx_word' id='word_1_104' title='bbox 789 2629 870 2677; x_wconf 80' lang='lat' dir='ltr'>Calai.</span> <span class='ocrx_word' id='word_1_105' title='bbox 893 2645 919 2690; x_wconf 92' lang='lat' dir='ltr'>p.</span> <span class='ocrx_word' id='word_1_106' title='bbox 943 2629 993 2677; x_wconf 79' lang='lat'>265</span> <span class='ocrx_word' id='word_1_107' title='bbox 1017 2630 1056 2676; x_wconf 86' lang='lat' dir='ltr'>ed.</span> <span class='ocrx_word' id='word_1_108' title='bbox 1077 2644 1120 2690; x_wconf 91' lang='lat' dir='ltr'>pr.</span> <span class='ocrx_word' id='word_1_109' title='bbox 1143 2629 1271 2677; x_wconf 82' lang='lat' dir='ltr'>intelleait</span> <span class='ocrx_word' id='word_1_110' title='bbox 1297 2635 1322 2676; x_wconf 91' lang='lat' dir='ltr'>et</span> 
     </span>
     <span class='ocr_line' id='line_1_14' title="bbox 179 2694 1323 2759; baseline 0 -16"><span class='ocrx_word' id='word_1_111' title='bbox 179 2694 211 2744; x_wconf 88' lang='lat' dir='ltr'>P.</span> <span class='ocrx_word' id='word_1_112' title='bbox 229 2695 324 2744; x_wconf 85' lang='lat' dir='ltr'>Daniel</span> <span class='ocrx_word' id='word_1_113' title='bbox 340 2697 375 2744; x_wconf 85' lang='lat' dir='ltr'>od</span> <span class='ocrx_word' id='word_1_114' title='bbox 386 2694 411 2742; x_wconf 94' lang='lat' dir='ltr'><em>B</em></span> <span class='ocrx_word' id='word_1_115' title='bbox 428 2695 449 2754; x_wconf 80' lang='lat' dir='ltr'>f.</span> <span class='ocrx_word' id='word_1_116' title='bbox 464 2696 490 2742; x_wconf 83' lang='lat' dir='ltr'>lr</span> <span class='ocrx_word' id='word_1_117' title='bbox 508 2699 643 2759; x_wconf 83' lang='lat' dir='ltr'>marpinenz</span> <span class='ocrx_word' id='word_1_118' title='bbox 662 2701 738 2758; x_wconf 78' lang='lat' dir='ltr'>‘pato</span> <span class='ocrx_word' id='word_1_119' title='bbox 756 2712 772 2743; x_wconf 90' lang='lat' dir='ltr'>a</span> <span class='ocrx_word' id='word_1_120' title='bbox 791 2696 911 2745; x_wconf 82' lang='lat' dir='ltr'>Suetonio</span> <span class='ocrx_word' id='word_1_121' title='bbox 927 2695 1074 2758; x_wconf 83' lang='lat' dir='ltr'>Tranquillo</span> <span class='ocrx_word' id='word_1_122' title='bbox 1093 2695 1157 2744; x_wconf 81' lang='lat' dir='ltr'>lianc</span> <span class='ocrx_word' id='word_1_123' title='bbox 1174 2697 1251 2744; x_wconf 85' lang='lat' dir='ltr'>uitam</span> <span class='ocrx_word' id='word_1_124' title='bbox 1268 2710 1323 2744; x_wconf 89' lang='lat' dir='ltr'>esse</span> 
     </span>
     <span class='ocr_line' id='line_1_15' title="bbox 180 2763 1321 2827; baseline 0.004 -17"><span class='ocrx_word' id='word_1_125' title='bbox 180 2764 348 2824; x_wconf 87' lang='lat' dir='ltr'>descriptam’</span> <span class='ocrx_word' id='word_1_126' title='bbox 370 2764 504 2812; x_wconf 83' lang='lat' dir='ltr'>adnotans.</span> <span class='ocrx_word' id='word_1_127' title='bbox 534 2764 568 2824; x_wconf 84' lang='lat' dir='ltr'>cf.</span> <span class='ocrx_word' id='word_1_128' title='bbox 591 2763 816 2827; x_wconf 76' lang='lat' dir='ltr'>Reifferscheidius</span> <span class='ocrx_word' id='word_1_129' title='bbox 836 2763 940 2814; x_wconf 84' lang='lat' dir='ltr'>Sueten.</span> <span class='ocrx_word' id='word_1_130' title='bbox 960 2764 1034 2827; x_wconf 81' lang='lat' dir='ltr'>reliq.</span> <span class='ocrx_word' id='word_1_131' title='bbox 1056 2779 1082 2825; x_wconf 87' lang='lat' dir='ltr'>p.</span> <span class='ocrx_word' id='word_1_132' title='bbox 1100 2764 1133 2811; x_wconf 81' lang='lat'>50</span> <span class='ocrx_word' id='word_1_133' title='bbox 1153 2778 1193 2826; x_wconf 89' lang='lat' dir='ltr'>sq.</span> <span class='ocrx_word' id='word_1_134' title='bbox 1216 2765 1264 2812; x_wconf 77' lang='lat'>392</span> <span class='ocrx_word' id='word_1_135' title='bbox 1281 2778 1321 2827; x_wconf 90' lang='lat' dir='ltr'>sq.</span> 
     </span>
     <span class='ocr_line' id='line_1_16' title="bbox 181 2830 1324 2894; baseline 0 -16"><span class='ocrx_word' id='word_1_136' title='bbox 181 2831 233 2878; x_wconf 88' lang='lat' dir='ltr'>eius</span> <span class='ocrx_word' id='word_1_137' title='bbox 256 2831 358 2879; x_wconf 84' lang='lat' dir='ltr'>codices</span> <span class='ocrx_word' id='word_1_138' title='bbox 379 2831 435 2893; x_wconf 87' lang='lat' dir='ltr'>ipse</span> <span class='ocrx_word' id='word_1_139' title='bbox 458 2832 562 2878; x_wconf 74' lang='lat' dir='ltr'>excussi</span> <span class='ocrx_word' id='word_1_140' title='bbox 580 2830 633 2883; x_wconf 83' lang='lat' dir='ltr'>CB.</span> <span class='ocrx_word' id='word_1_141' title='bbox 664 2832 789 2879; x_wconf 85' lang='lat' dir='ltr'>accedunt</span> <span class='ocrx_word' id='word_1_142' title='bbox 806 2830 837 2879; x_wconf 92' lang='lat' dir='ltr'><em>M</em></span> <span class='ocrx_word' id='word_1_143' title='bbox 848 2849 881 2872; x_wconf 97' lang='lat'>=</span> <span class='ocrx_word' id='word_1_144' title='bbox 894 2831 1133 2894; x_wconf 87' lang='lat' dir='ltr'>Montepessulanns</span> <span class='ocrx_word' id='word_1_145' title='bbox 1152 2831 1179 2877; x_wconf 82' lang='lat' dir='ltr'>Ii</span> <span class='ocrx_word' id='word_1_146' title='bbox 1197 2832 1244 2880; x_wconf 87' lang='lat'>113</span> <span class='ocrx_word' id='word_1_147' title='bbox 1266 2832 1324 2878; x_wconf 89' lang='lat' dir='ltr'>olim</span> 
     </span>
     <span class='ocr_line' id='line_1_17' title="bbox 180 2897 1324 2962; baseline 0 -17"><span class='ocrx_word' id='word_1_148' title='bbox 180 2897 289 2946; x_wconf 79' lang='lat' dir='ltr'>Bulierii</span> <span class='ocrx_word' id='word_1_149' title='bbox 306 2899 387 2962; x_wconf 85' lang='lat' dir='ltr'>quode</span> <span class='ocrx_word' id='word_1_150' title='bbox 405 2904 431 2946; x_wconf 87' lang='lat' dir='ltr'>et</span> <span class='ocrx_word' id='word_1_151' title='bbox 441 2898 582 2947; x_wconf 87' lang='lat' dir='ltr'>Doraiilius</span> <span class='ocrx_word' id='word_1_152' title='bbox 599 2914 642 2962; x_wconf 90' lang='lat' dir='ltr'>ap.</span> <span class='ocrx_word' id='word_1_153' title='bbox 658 2897 862 2961; x_wconf 81' lang='lat' dir='ltr'>Oudendorpium</span> <span class='ocrx_word' id='word_1_154' title='bbox 880 2905 906 2946; x_wconf 89' lang='lat' dir='ltr'>et</span> <span class='ocrx_word' id='word_1_155' title='bbox 920 2899 1016 2946; x_wconf 87' lang='lat' dir='ltr'>Damus</span> <span class='ocrx_word' id='word_1_156' title='bbox 1034 2914 1076 2960; x_wconf 88' lang='lat' dir='ltr'>ap.</span> <span class='ocrx_word' id='word_1_157' title='bbox 1089 2897 1324 2961; x_wconf 76' lang='lat' dir='ltr'>Reifferscheidiam</span> 
     </span>
     <span class='ocr_line' id='line_1_18' title="bbox 181 2963 1324 3029; baseline 0.003 -16"><span class='ocrx_word' id='word_1_158' title='bbox 181 2971 206 3013; x_wconf 88' lang='lat' dir='ltr'>et</span> <span class='ocrx_word' id='word_1_159' title='bbox 226 2963 388 3014; x_wconf 82' lang='lat' dir='ltr'>Stetnliartus</span> <span class='ocrx_word' id='word_1_160' title='bbox 405 2964 432 3016; x_wconf 88' lang='lat' dir='ltr'>in</span> <span class='ocrx_word' id='word_1_161' title='bbox 450 2981 508 3014; x_wconf 88' lang='lat' dir='ltr'>ann.</span> <span class='ocrx_word' id='word_1_162' title='bbox 527 2964 685 3014; x_wconf 78' lang='lat' dir='ltr'>Fleckeiseni</span> <span class='ocrx_word' id='word_1_163' title='bbox 701 2982 726 3016; x_wconf 87' lang='lat' dir='ltr'>a.</span> <span class='ocrx_word' id='word_1_164' title='bbox 746 2967 808 3014; x_wconf 83' lang='lat'>1861</span> <span class='ocrx_word' id='word_1_165' title='bbox 834 2972 851 3013; x_wconf 90' lang='lat' dir='ltr'>t.</span> <span class='ocrx_word' id='word_1_166' title='bbox 871 2967 903 3015; x_wconf 87' lang='lat'>83</span> <span class='ocrx_word' id='word_1_167' title='bbox 924 2983 950 3029; x_wconf 93' lang='lat' dir='ltr'>p.</span> <span class='ocrx_word' id='word_1_168' title='bbox 970 2966 1019 3015; x_wconf 80' lang='lat'>355</span> <span class='ocrx_word' id='word_1_169' title='bbox 1037 2973 1114 3014; x_wconf 88' lang='lat' dir='ltr'>testes</span> <span class='ocrx_word' id='word_1_170' title='bbox 1134 2972 1192 3014; x_wconf 87' lang='lat' dir='ltr'>saut</span> <span class='ocrx_word' id='word_1_171' title='bbox 1210 2965 1324 3027; x_wconf 88' lang='lat' dir='ltr'>(omnino</span> 
     </span>
     <span class='ocr_line' id='line_1_19' title="bbox 181 3031 1324 3098; baseline 0 -18"><span class='ocrx_word' id='word_1_172' title='bbox 181 3031 214 3092; x_wconf 75' lang='lat' dir='ltr'>cf.</span> <span class='ocrx_word' id='word_1_173' title='bbox 234 3033 283 3080; x_wconf 84' lang='lat' dir='ltr'>iam</span> <span class='ocrx_word' id='word_1_174' title='bbox 301 3031 463 3081; x_wconf 80' lang='lat' dir='ltr'>Steinlrartus</span> <span class='ocrx_word' id='word_1_175' title='bbox 480 3035 506 3081; x_wconf 91' lang='lat' dir='ltr'>iu</span> <span class='ocrx_word' id='word_1_176' title='bbox 523 3033 599 3096; x_wconf 77' lang='lat' dir='ltr'>spmb.</span> <span class='ocrx_word' id='word_1_177' title='bbox 619 3031 704 3084; x_wconf 90' lang='lat' dir='ltr'>Bonn.</span> <span class='ocrx_word' id='word_1_178' title='bbox 720 3049 746 3096; x_wconf 91' lang='lat' dir='ltr'>p.</span> <span class='ocrx_word' id='word_1_179' title='bbox 768 3033 817 3082; x_wconf 79' lang='lat'>289</span> <span class='ocrx_word' id='word_1_180' title='bbox 835 3031 923 3098; x_wconf 76' lang='lat' dir='ltr'>sqq),</span> <span class='ocrx_word' id='word_1_181' title='bbox 948 3034 973 3081; x_wconf 95' lang='lat' dir='ltr'><em>P</em></span> <span class='ocrx_word' id='word_1_182' title='bbox 983 3052 1017 3076; x_wconf 92' lang='lat'><strong><em>=</em></strong></span> <span class='ocrx_word' id='word_1_183' title='bbox 1028 3034 1164 3082; x_wconf 74' lang='lat' dir='ltr'>Parisinus</span> <span class='ocrx_word' id='word_1_184' title='bbox 1183 3034 1248 3082; x_wconf 75' lang='lat'>7502</span> <span class='ocrx_word' id='word_1_185' title='bbox 1267 3034 1324 3082; x_wconf 89' lang='lat' dir='ltr'>olim</span> 
     </span>
     <span class='ocr_line' id='line_1_20' title="bbox 182 3099 1327 3164; baseline 0 -16"><span class='ocrx_word' id='word_1_186' title='bbox 182 3099 340 3149; x_wconf 81' lang='lat' dir='ltr'>Cotbertiuas</span> <span class='ocrx_word' id='word_1_187' title='bbox 365 3103 391 3148; x_wconf 88' lang='lat' dir='ltr'>in</span> <span class='ocrx_word' id='word_1_188' title='bbox 415 3099 442 3148; x_wconf 78' lang='lat' dir='ltr'>O.</span> <span class='ocrx_word' id='word_1_189' title='bbox 460 3101 492 3148; x_wconf 87' lang='lat' dir='ltr'>F.</span> <span class='ocrx_word' id='word_1_190' title='bbox 512 3100 618 3150; x_wconf 80' lang='lat' dir='ltr'>Weberi</span> <span class='ocrx_word' id='word_1_191' title='bbox 639 3115 708 3150; x_wconf 89' lang='lat' dir='ltr'>usum</span> <span class='ocrx_word' id='word_1_192' title='bbox 730 3103 853 3150; x_wconf 87' lang='lat' dir='ltr'>conlatus.</span> <span class='ocrx_word' id='word_1_193' title='bbox 883 3099 954 3148; x_wconf 84' lang='lat' dir='ltr'>S:</span> <span class='ocrx_word' id='word_1_194' title='bbox 972 3100 1075 3150; x_wconf 80' lang='lat' dir='ltr'>Staieni</span> <span class='ocrx_word' id='word_1_195' title='bbox 1089 3109 1183 3164; x_wconf 88' lang='lat' dir='ltr'>postea</span> <span class='ocrx_word' id='word_1_196' title='bbox 1205 3101 1327 3150; x_wconf 87' lang='lat' dir='ltr'>Wittiaui</span> 
     </span>
     <span class='ocr_line' id='line_1_21' title="bbox 181 3167 1323 3233; baseline 0.001 -17"><span class='ocrx_word' id='word_1_197' title='bbox 181 3169 310 3216; x_wconf 85' lang='lat' dir='ltr'>lectionem</span> <span class='ocrx_word' id='word_1_198' title='bbox 328 3169 479 3232; x_wconf 83' lang='lat' dir='ltr'>aliquotiens</span> <span class='ocrx_word' id='word_1_199' title='bbox 496 3175 656 3218; x_wconf 87' lang='lat' dir='ltr'>memoratam</span> <span class='ocrx_word' id='word_1_200' title='bbox 674 3167 853 3232; x_wconf 82' lang='lat' dir='ltr'>Oudendorpio</span> <span class='ocrx_word' id='word_1_201' title='bbox 873 3169 959 3217; x_wconf 85' lang='lat' dir='ltr'>debeo.</span> <span class='ocrx_word' id='word_1_202' title='bbox 996 3177 1136 3218; x_wconf 78' lang='lat' dir='ltr'>oeteromim</span> <span class='ocrx_word' id='word_1_203' title='bbox 1155 3169 1243 3233; x_wconf 84' lang='lat' dir='ltr'>quibus</span> <span class='ocrx_word' id='word_1_204' title='bbox 1263 3169 1323 3217; x_wconf 85' lang='lat' dir='ltr'>We·</span> 
     </span>
     <span class='ocr_line' id='line_1_22' title="bbox 181 3234 1323 3301; baseline 0.002 -19"><span class='ocrx_word' id='word_1_205' title='bbox 181 3234 257 3283; x_wconf 76' lang='lat' dir='ltr'>herus</span> <span class='ocrx_word' id='word_1_206' title='bbox 273 3237 317 3284; x_wconf 90' lang='lat' dir='ltr'>uit.</span> <span class='ocrx_word' id='word_1_207' title='bbox 334 3235 396 3284; x_wconf 88' lang='lat' dir='ltr'>Luc.</span> <span class='ocrx_word' id='word_1_208' title='bbox 409 3235 427 3282; x_wconf 91' lang='lat' dir='ltr'><em>I</em></span> <span class='ocrx_word' id='word_1_209' title='bbox 441 3252 469 3298; x_wconf 93' lang='lat' dir='ltr'>p.</span> <span class='ocrx_word' id='word_1_210' title='bbox 484 3237 498 3284; x_wconf 79' lang='lat' dir='ltr'>i</span> <span class='ocrx_word' id='word_1_211' title='bbox 516 3251 572 3300; x_wconf 90' lang='lat' dir='ltr'>sqq.</span> <span class='ocrx_word' id='word_1_212' title='bbox 594 3235 681 3284; x_wconf 68' lang='lat' dir='ltr'>&#39;utitur</span> <span class='ocrx_word' id='word_1_213' title='bbox 699 3238 805 3301; x_wconf 86' lang='lat' dir='ltr'>itemque</span> <span class='ocrx_word' id='word_1_214' title='bbox 818 3237 968 3300; x_wconf 82' lang='lat' dir='ltr'>Hepiuensis</span> <span class='ocrx_word' id='word_1_215' title='bbox 986 3238 1002 3285; x_wconf 90' lang='lat' dir='ltr'>i.</span> <span class='ocrx_word' id='word_1_216' title='bbox 1016 3252 1038 3285; x_wconf 92' lang='lat' dir='ltr'>e.</span> <span class='ocrx_word' id='word_1_217' title='bbox 1057 3237 1200 3286; x_wconf 75' lang='lat' dir='ltr'>Christiane</span> <span class='ocrx_word' id='word_1_218' title='bbox 1218 3238 1323 3300; x_wconf 83' lang='lat' dir='ltr'>reqinae</span> 
     </span>
     <span class='ocr_line' id='line_1_23' title="bbox 181 3302 1323 3368; baseline 0.001 -17"><span class='ocrx_word' id='word_1_219' title='bbox 181 3303 277 3352; x_wconf 86' lang='lat' dir='ltr'>codicis</span> <span class='ocrx_word' id='word_1_220' title='bbox 295 3305 424 3352; x_wconf 82' lang='lat' dir='ltr'>lectionem</span> <span class='ocrx_word' id='word_1_221' title='bbox 442 3319 458 3351; x_wconf 91' lang='lat' dir='ltr'>a</span> <span class='ocrx_word' id='word_1_222' title='bbox 476 3303 627 3366; x_wconf 79' lang='lat' dir='ltr'>Sponiemio</span> <span class='ocrx_word' id='word_1_223' title='bbox 646 3310 772 3353; x_wconf 81' lang='lat' dir='ltr'>cantatam</span> <span class='ocrx_word' id='word_1_224' title='bbox 791 3303 843 3367; x_wconf 85' lang='lat' dir='ltr'>(op.</span> <span class='ocrx_word' id='word_1_225' title='bbox 862 3304 998 3353; x_wconf 83' lang='lat' dir='ltr'>Weberum</span> <span class='ocrx_word' id='word_1_226' title='bbox 1018 3305 1062 3356; x_wconf 87' lang='lat' dir='ltr'>uit.</span> <span class='ocrx_word' id='word_1_227' title='bbox 1081 3305 1145 3355; x_wconf 85' lang='lat' dir='ltr'>Luc.</span> <span class='ocrx_word' id='word_1_228' title='bbox 1164 3304 1217 3353; x_wconf 90' lang='lat' dir='ltr'>III</span> <span class='ocrx_word' id='word_1_229' title='bbox 1233 3321 1259 3368; x_wconf 90' lang='lat' dir='ltr'>p.</span> <span class='ocrx_word' id='word_1_230' title='bbox 1279 3302 1323 3366; x_wconf 78' lang='lat'>22)</span> 
     </span>
     <span class='ocr_line' id='line_1_24' title="bbox 182 3371 1324 3436; baseline 0.001 -18"><span class='ocrx_word' id='word_1_231' title='bbox 182 3373 294 3419; x_wconf 87' lang='lat' dir='ltr'>consulto</span> <span class='ocrx_word' id='word_1_232' title='bbox 316 3372 426 3434; x_wconf 79' lang='lat' dir='ltr'>neqieai.</span> <span class='ocrx_word' id='word_1_233' title='bbox 463 3385 543 3434; x_wconf 90' lang='lat' dir='ltr'>neque</span> <span class='ocrx_word' id='word_1_234' title='bbox 566 3373 644 3419; x_wconf 74' lang='lat' dir='ltr'>minias</span> <span class='ocrx_word' id='word_1_235' title='bbox 667 3387 721 3420; x_wconf 87' lang='lat' dir='ltr'>eam</span> <span class='ocrx_word' id='word_1_236' title='bbox 738 3373 900 3434; x_wconf 82' lang='lat' dir='ltr'>praetermisi</span> <span class='ocrx_word' id='word_1_237' title='bbox 917 3388 981 3436; x_wconf 89' lang='lat' dir='ltr'>qaae</span> <span class='ocrx_word' id='word_1_238' title='bbox 1000 3387 1016 3419; x_wconf 87' lang='lat' dir='ltr'>a</span> <span class='ocrx_word' id='word_1_239' title='bbox 1035 3371 1146 3421; x_wconf 87' lang='lat' dir='ltr'>Contere</span> <span class='ocrx_word' id='word_1_240' title='bbox 1165 3373 1256 3434; x_wconf 87' lang='lat' dir='ltr'>(epist.</span> <span class='ocrx_word' id='word_1_241' title='bbox 1276 3371 1324 3420; x_wconf 85' lang='lat' dir='ltr'>Ca·</span> 
     </span>
     <span class='ocr_line' id='line_1_25' title="bbox 181 3437 1324 3502; baseline 0 -16"><span class='ocrx_word' id='word_1_242' title='bbox 181 3437 288 3488; x_wconf 87' lang='lat' dir='ltr'>snuboni</span> <span class='ocrx_word' id='word_1_243' title='bbox 300 3454 328 3501; x_wconf 86' lang='lat' dir='ltr'>p.</span> <span class='ocrx_word' id='word_1_244' title='bbox 341 3440 390 3488; x_wconf 87' lang='grc'>646</span> <span class='ocrx_word' id='word_1_245' title='bbox 408 3440 447 3487; x_wconf 78' lang='lat' dir='ltr'>erl.</span> <span class='ocrx_word' id='word_1_246' title='bbox 462 3437 601 3501; x_wconf 83' lang='lat' dir='ltr'>Aineion.)</span> <span class='ocrx_word' id='word_1_247' title='bbox 620 3445 645 3487; x_wconf 89' lang='lat' dir='ltr'>et</span> <span class='ocrx_word' id='word_1_248' title='bbox 663 3441 722 3488; x_wconf 83' lang='lat' dir='ltr'>inde</span> <span class='ocrx_word' id='word_1_249' title='bbox 740 3456 756 3487; x_wconf 89' lang='lat' dir='ltr'>o</span> <span class='ocrx_word' id='word_1_250' title='bbox 770 3439 917 3489; x_wconf 82' lang='lat' dir='ltr'>Oasoubono</span> <span class='ocrx_word' id='word_1_251' title='bbox 934 3445 1083 3502; x_wconf 84' lang='lat' dir='ltr'>propaputa</span> <span class='ocrx_word' id='word_1_252' title='bbox 1100 3455 1153 3487; x_wconf 80' lang='lat' dir='ltr'>curri</span> <span class='ocrx_word' id='word_1_253' title='bbox 1171 3439 1196 3487; x_wconf 93' lang='lat' dir='ltr'><em>B</em></span> <span class='ocrx_word' id='word_1_254' title='bbox 1212 3443 1324 3502; x_wconf 89' lang='lat' dir='ltr'>plerum·</span> 
     </span>
     <span class='ocr_line' id='line_1_26' title="bbox 183 3507 1325 3570; baseline 0 -16"><span class='ocrx_word' id='word_1_255' title='bbox 183 3521 230 3570; x_wconf 90' lang='lat' dir='ltr'>que</span> <span class='ocrx_word' id='word_1_256' title='bbox 242 3507 373 3556; x_wconf 84' lang='lat' dir='ltr'>consentit.</span> <span class='ocrx_word' id='word_1_257' title='bbox 409 3508 534 3569; x_wconf 81' lang='lat' dir='ltr'>uolqatam</span> <span class='ocrx_word' id='word_1_258' title='bbox 549 3508 767 3569; x_wconf 87' lang='lat' dir='ltr'>scripturum&#39;uno</span> <span class='ocrx_word' id='word_1_259' title='bbox 780 3509 869 3556; x_wconf 87' lang='lat' dir='ltr'>saltem</span> <span class='ocrx_word' id='word_1_260' title='bbox 881 3511 997 3569; x_wconf 85' lang='lat' dir='ltr'>escemplo</span> <span class='ocrx_word' id='word_1_261' title='bbox 1010 3508 1178 3554; x_wconf 78' lang='lat' dir='ltr'>adnotatores</span> <span class='ocrx_word' id='word_1_262' title='bbox 1191 3508 1325 3554; x_wconf 83' lang='lat' dir='ltr'>editionem</span> 
     </span>
    </p>
   </div>
   <div class='ocr_carea' id='block_1_6' title="bbox 182 3573 1325 3690">
    <p class='ocr_par' dir='ltr' id='par_1_6' title="bbox 182 3573 1325 3690">
     <span class='ocr_line' id='line_1_27' title="bbox 182 3573 1325 3690; baseline 0.001 -70"><span class='ocrx_word' id='word_1_263' title='bbox 182 3579 371 3690; x_wconf 51' lang='lat' dir='ltr'>rietegpbnmeplnp</span> <span class='ocrx_word' id='word_1_264' title='bbox 390 3575 455 3636; x_wconf 81' lang='lat' dir='ltr'>etepi</span> <span class='ocrx_word' id='word_1_265' title='bbox 472 3589 536 3638; x_wconf 86' lang='lat' dir='ltr'>quae</span> <span class='ocrx_word' id='word_1_266' title='bbox 555 3573 774 3638; x_wconf 78' lang='lat' dir='ltr'>Grppiiswoldiae</span> <span class='ocrx_word' id='word_1_267' title='bbox 791 3574 850 3623; x_wconf 82' lang='lat' dir='ltr'>miii</span> <span class='ocrx_word' id='word_1_268' title='bbox 864 3580 971 3636; x_wconf 89' lang='lat' dir='ltr'>praesto</span> <span class='ocrx_word' id='word_1_269' title='bbox 989 3579 1046 3621; x_wconf 88' lang='lat' dir='ltr'>erat</span> <span class='ocrx_word' id='word_1_270' title='bbox 1065 3588 1083 3621; x_wconf 89' lang='grc' dir='ltr'><strong><em>α</em></strong></span> <span class='ocrx_word' id='word_1_271' title='bbox 1095 3592 1129 3615; x_wconf 91' lang='lat'><strong><em>=</em></strong></span> <span class='ocrx_word' id='word_1_272' title='bbox 1141 3573 1325 3623; x_wconf 84' lang='lat' dir='ltr'>Ascensianom</span> 
     </span>
     <span class='ocr_line' id='line_1_28' title="bbox 184 3655 380 3689; baseline 0 0"><span class='ocrx_word' id='word_1_273' title='bbox 184 3655 209 3689; x_wconf 92' lang='lat' dir='ltr'>a.</span> <span class='ocrx_word' id='word_1_274' title='bbox 375 3677 380 3689; x_wconf 94' lang='lat'>.</span> 
     </span>
    </p>
   </div>
   <div class='ocr_carea' id='block_1_7' title="bbox 184 3740 1337 4554">
    <p class='ocr_par' dir='ltr' id='par_1_7' title="bbox 184 3740 1337 4554">
     <span class='ocr_line' id='line_1_29' title="bbox 252 3740 1324 3807; baseline 0.002 -17"><span class='ocrx_word' id='word_1_275' title='bbox 252 3743 265 3790; x_wconf 93' lang='lat'>1</span> <span class='ocrx_word' id='word_1_276' title='bbox 284 3755 350 3792; x_wconf 78' lang='lat' dir='ltr'>vmn</span> <span class='ocrx_word' id='word_1_277' title='bbox 369 3755 472 3792; x_wconf 74' lang='lat' dir='ltr'>uveam</span> <span class='ocrx_word' id='word_1_278' title='bbox 490 3756 586 3792; x_wconf 79' lang='lat' dir='ltr'>ronna:</span> <span class='ocrx_word' id='word_1_279' title='bbox 610 3740 647 3790; x_wconf 87' lang='lat' dir='ltr'>B:</span> <span class='ocrx_word' id='word_1_280' title='bbox 671 3743 742 3792; x_wconf 88' lang='lat' dir='ltr'>titulo</span> <span class='ocrx_word' id='word_1_281' title='bbox 765 3750 838 3792; x_wconf 85' lang='lat' dir='ltr'>caret</span> <span class='ocrx_word' id='word_1_282' title='bbox 856 3742 876 3792; x_wconf 84' lang='lat'><em>0</em></span> <span class='ocrx_word' id='word_1_283' title='bbox 895 3744 920 3790; x_wconf 90' lang='lat' dir='ltr'>in</span> <span class='ocrx_word' id='word_1_284' title='bbox 939 3759 987 3807; x_wconf 90' lang='lat' dir='ltr'>quo</span> <span class='ocrx_word' id='word_1_285' title='bbox 1004 3745 1178 3806; x_wconf 86' lang='lat' dir='ltr'>praemittitur</span> <span class='ocrx_word' id='word_1_286' title='bbox 1194 3745 1248 3792; x_wconf 87' lang='lat' dir='ltr'>uita</span> <span class='ocrx_word' id='word_1_287' title='bbox 1266 3745 1324 3793; x_wconf 81' lang='lat' dir='ltr'>‘oii-</span> 
     </span>
     <span class='ocr_line' id='line_1_30' title="bbox 185 3809 1326 3875; baseline 0.001 -17"><span class='ocrx_word' id='word_1_288' title='bbox 185 3811 354 3859; x_wconf 89' lang='lat' dir='ltr'>notationum&#39;</span> <span class='ocrx_word' id='word_1_289' title='bbox 376 3812 493 3874; x_wconf 88' lang='lat' dir='ltr'>propria.</span> <span class='ocrx_word' id='word_1_290' title='bbox 534 3811 576 3859; x_wconf 78' lang='lat' dir='ltr'>Ex</span> <span class='ocrx_word' id='word_1_291' title='bbox 599 3809 742 3859; x_wconf 82' lang='lat' dir='ltr'>dimidiato</span> <span class='ocrx_word' id='word_1_292' title='bbox 768 3811 864 3860; x_wconf 85' lang='lat' dir='ltr'>codice</span> <span class='ocrx_word' id='word_1_293' title='bbox 892 3811 1030 3873; x_wconf 81' lang='lat' dir='ltr'>particula</span> <span class='ocrx_word' id='word_1_294' title='bbox 1059 3810 1094 3860; x_wconf 82' lang='lat' dir='ltr'>nd</span> <span class='ocrx_word' id='word_1_295' title='bbox 1121 3815 1221 3875; x_wconf 85' lang='lat' dir='ltr'>poetae</span> <span class='ocrx_word' id='word_1_296' title='bbox 1245 3811 1326 3862; x_wconf 83' lang='lat' dir='ltr'>huius</span> 
     </span>
     <span class='ocr_line' id='line_1_31' title="bbox 184 3873 1325 3943; baseline 0.004 -19"><span class='ocrx_word' id='word_1_297' title='bbox 184 3877 271 3925; x_wconf 85' lang='lat' dir='ltr'>uitam</span> <span class='ocrx_word' id='word_1_298' title='bbox 288 3878 430 3943; x_wconf 87' lang='lat' dir='ltr'>pertinens</span> <span class='ocrx_word' id='word_1_299' title='bbox 449 3881 559 3942; x_wconf 82' lang='lat' dir='ltr'>sumpta</span> <span class='ocrx_word' id='word_1_300' title='bbox 575 3892 593 3925; x_wconf 87' lang='lat' dir='ltr'>a</span> <span class='ocrx_word' id='word_1_301' title='bbox 615 3873 627 3941; x_wconf 80' lang='grc' dir='ltr'>Η</span> <span class='ocrx_word' id='word_1_302' title='bbox 650 3879 665 3925; x_wconf 79' lang='grc'>2</span> <span class='ocrx_word' id='word_1_303' title='bbox 684 3878 777 3928; x_wconf 79' lang='lat' dir='ltr'>Prima</span> <span class='ocrx_word' id='word_1_304' title='bbox 791 3876 886 3928; x_wconf 85' lang='lat' dir='ltr'>CPSa:</span> <span class='ocrx_word' id='word_1_305' title='bbox 909 3876 1054 3928; x_wconf 73' lang='lat' dir='ltr'>sisinnus</span> <span class='ocrx_word' id='word_1_306' title='bbox 1073 3893 1200 3928; x_wconf 67' lang='lat' dir='ltr'>uncinus</span> <span class='ocrx_word' id='word_1_307' title='bbox 1220 3893 1325 3928; x_wconf 83' lang='lat' dir='ltr'>connu-</span> 
     </span>
     <span class='ocr_line' id='line_1_32' title="bbox 184 3943 1325 4011; baseline 0.002 -19"><span class='ocrx_word' id='word_1_308' title='bbox 184 3959 284 3993; x_wconf 80' lang='lat' dir='ltr'>uunsm</span> <span class='ocrx_word' id='word_1_309' title='bbox 303 3959 389 3994; x_wconf 76' lang='lat' dir='ltr'>ruina</span> <span class='ocrx_word' id='word_1_310' title='bbox 409 3946 440 3995; x_wconf 89' lang='lat' dir='ltr'><em>M</em></span> <span class='ocrx_word' id='word_1_311' title='bbox 459 3947 593 3996; x_wconf 74' lang='lat' dir='ltr'>Musaeus</span> <span class='ocrx_word' id='word_1_312' title='bbox 615 3943 733 3995; x_wconf 80' lang='lat' dir='ltr'>lucanus</span> <span class='ocrx_word' id='word_1_313' title='bbox 752 3945 945 3996; x_wconf 79' lang='lat' dir='ltr'>cordubensis!</span> <span class='ocrx_word' id='word_1_314' title='bbox 972 3947 1059 4011; x_wconf 83' lang='lat' dir='ltr'>prima</span> <span class='ocrx_word' id='word_1_315' title='bbox 1077 3947 1103 3996; x_wconf 88' lang='lat' dir='ltr'><em>B</em></span> <span class='ocrx_word' id='word_1_316' title='bbox 1121 3961 1247 3997; x_wconf 78' lang='lat' dir='ltr'>nvcnnvs</span> <span class='ocrx_word' id='word_1_317' title='bbox 1271 3947 1325 3994; x_wconf 87' lang='lat' dir='ltr'>iste</span> 
     </span>
     <span class='ocr_line' id='line_1_33' title="bbox 184 4011 1337 4079; baseline 0.002 -19"><span class='ocrx_word' id='word_1_318' title='bbox 184 4012 317 4076; x_wconf 81' lang='lat' dir='ltr'>hispanus</span> <span class='ocrx_word' id='word_1_319' title='bbox 340 4029 450 4078; x_wconf 83' lang='lat' dir='ltr'>genere.</span> <span class='ocrx_word' id='word_1_320' title='bbox 492 4013 670 4062; x_wconf 85' lang='lat' dir='ltr'>cordubensis</span> <span class='ocrx_word' id='word_1_321' title='bbox 693 4014 747 4062; x_wconf 88' lang='lat' dir='ltr'>init</span> <span class='ocrx_word' id='word_1_322' title='bbox 770 4015 891 4079; x_wconf 86' lang='lat' dir='ltr'>regione.</span> <span class='ocrx_word' id='word_1_323' title='bbox 933 4013 1070 4079; x_wconf 77' lang='lat' dir='ltr'>dignitate</span> <span class='ocrx_word' id='word_1_324' title='bbox 1096 4029 1161 4064; x_wconf 90' lang='lat' dir='ltr'>uero</span> <span class='ocrx_word' id='word_1_325' title='bbox 1185 4017 1213 4063; x_wconf 91' lang='lat' dir='ltr'>et</span> <span class='ocrx_word' id='word_1_326' title='bbox 1237 4011 1337 4062; x_wconf 79' lang='lat' dir='ltr'>erudi-&#39;</span> 
     </span>
     <span class='ocr_line' id='line_1_34' title="bbox 186 4079 1327 4146; baseline 0.002 -19"><span class='ocrx_word' id='word_1_327' title='bbox 186 4079 262 4130; x_wconf 86' lang='lat' dir='ltr'>tione</span> <span class='ocrx_word' id='word_1_328' title='bbox 281 4096 416 4134; x_wconf 81' lang='lat' dir='ltr'>romanus,</span> <span class='ocrx_word' id='word_1_329' title='bbox 454 4081 508 4142; x_wconf 81' lang='lat' dir='ltr'>Qui</span> <span class='ocrx_word' id='word_1_330' title='bbox 526 4081 613 4145; x_wconf 87' lang='lat' dir='ltr'>primo</span> <span class='ocrx_word' id='word_1_331' title='bbox 633 4080 705 4145; x_wconf 85' lang='lat' dir='ltr'>apud</span> <span class='ocrx_word' id='word_1_332' title='bbox 723 4081 916 4146; x_wconf 81' lang='lat' dir='ltr'>imperatorem</span> <span class='ocrx_word' id='word_1_333' title='bbox 935 4097 1064 4132; x_wconf 89' lang='lat' dir='ltr'>neronem</span> <span class='ocrx_word' id='word_1_334' title='bbox 1078 4084 1224 4130; x_wconf 83' lang='lat' dir='ltr'>maximum</span> <span class='ocrx_word' id='word_1_335' title='bbox 1238 4082 1327 4145; x_wconf 89' lang='lat' dir='ltr'>potuit</span> 
     </span>
     <span class='ocr_line' id='line_1_35' title="bbox 185 4148 1327 4214; baseline 0.002 -18"><span class='ocrx_word' id='word_1_336' title='bbox 185 4154 210 4196; x_wconf 86' lang='lat' dir='ltr'>et</span> <span class='ocrx_word' id='word_1_337' title='bbox 229 4163 267 4213; x_wconf 89' lang='lat' dir='ltr'>qs.</span> <span class='ocrx_word' id='word_1_338' title='bbox 284 4151 339 4197; x_wconf 86' lang='lat' dir='ltr'>aito</span> <span class='ocrx_word' id='word_1_339' title='bbox 356 4152 381 4198; x_wconf 90' lang='lat' dir='ltr'>in</span> <span class='ocrx_word' id='word_1_340' title='bbox 400 4151 495 4199; x_wconf 82' lang='lat' dir='ltr'>codicis</span> <span class='ocrx_word' id='word_1_341' title='bbox 514 4149 538 4199; x_wconf 85' lang='lat' dir='ltr'><em>U</em></span> <span class='ocrx_word' id='word_1_342' title='bbox 553 4148 694 4198; x_wconf 86' lang='lat' dir='ltr'>membrano</span> <span class='ocrx_word' id='word_1_343' title='bbox 712 4151 836 4214; x_wconf 81' lang='lat' dir='ltr'>sinpulari</span> <span class='ocrx_word' id='word_1_344' title='bbox 854 4165 918 4214; x_wconf 85' lang='lat' dir='ltr'>qnae</span> <span class='ocrx_word' id='word_1_345' title='bbox 936 4152 993 4199; x_wconf 87' lang='lat' dir='ltr'>olim</span> <span class='ocrx_word' id='word_1_346' title='bbox 1011 4157 1151 4214; x_wconf 78' lang='lat' dir='ltr'>tequmenio</span> <span class='ocrx_word' id='word_1_347' title='bbox 1169 4149 1327 4212; x_wconf 80' lang='lat' dir='ltr'>opplretinata</span> 
     </span>
     <span class='ocr_line' id='line_1_36' title="bbox 185 4215 1326 4281; baseline 0.002 -17"><span class='ocrx_word' id='word_1_348' title='bbox 185 4223 256 4278; x_wconf 90' lang='lat' dir='ltr'>erat,</span> <span class='ocrx_word' id='word_1_349' title='bbox 276 4231 292 4264; x_wconf 89' lang='lat' dir='ltr'>a</span> <span class='ocrx_word' id='word_1_350' title='bbox 309 4216 420 4267; x_wconf 85' lang='lat' dir='ltr'>Webero</span> <span class='ocrx_word' id='word_1_351' title='bbox 433 4219 478 4269; x_wconf 87' lang='lat' dir='ltr'>uit.</span> <span class='ocrx_word' id='word_1_352' title='bbox 491 4217 554 4265; x_wconf 87' lang='lat' dir='ltr'>Luc.</span> <span class='ocrx_word' id='word_1_353' title='bbox 568 4215 619 4265; x_wconf 92' lang='lat' dir='ltr'>III</span> <span class='ocrx_word' id='word_1_354' title='bbox 635 4219 691 4279; x_wconf 78' lang='lat' dir='ltr'>p.2</span> <span class='ocrx_word' id='word_1_355' title='bbox 710 4219 792 4277; x_wconf 84' lang='lat' dir='ltr'>edito,</span> <span class='ocrx_word' id='word_1_356' title='bbox 812 4221 947 4281; x_wconf 86' lang='lat' dir='ltr'>compilato</span> <span class='ocrx_word' id='word_1_357' title='bbox 965 4235 995 4267; x_wconf 88' lang='lat' dir='ltr'>ea</span> <span class='ocrx_word' id='word_1_358' title='bbox 1013 4235 1048 4267; x_wconf 81' lang='lat' dir='ltr'>ea</span> <span class='ocrx_word' id='word_1_359' title='bbox 1065 4218 1229 4270; x_wconf 86' lang='lat' dir='ltr'>Suetoniana.</span> <span class='ocrx_word' id='word_1_360' title='bbox 1259 4219 1326 4266; x_wconf 77' lang='lat' dir='ltr'>aride</span> 
     </span>
     <span class='ocr_line' id='line_1_37' title="bbox 185 4280 1326 4350; baseline 0.002 -18"><span class='ocrx_word' id='word_1_361' title='bbox 185 4299 250 4347; x_wconf 87' lang='lat' dir='ltr'>quae</span> <span class='ocrx_word' id='word_1_362' title='bbox 267 4285 303 4332; x_wconf 79' lang='lat' dir='ltr'>ari</span> <span class='ocrx_word' id='word_1_363' title='bbox 318 4301 345 4348; x_wconf 86' lang='lat' dir='ltr'>p.</span> <span class='ocrx_word' id='word_1_364' title='bbox 363 4286 393 4343; x_wconf 79' lang='grc' dir='ltr'>ὁ,</span> <span class='ocrx_word' id='word_1_365' title='bbox 415 4287 444 4333; x_wconf 92' lang='grc'>11</span> <span class='ocrx_word' id='word_1_366' title='bbox 464 4287 621 4334; x_wconf 82' lang='lat' dir='ltr'>adnotantur</span> <span class='ocrx_word' id='word_1_367' title='bbox 648 4280 660 4348; x_wconf 76' lang='lat' dir='ltr'>il</span> <span class='ocrx_word' id='word_1_368' title='bbox 688 4284 932 4349; x_wconf 82' lang='lat' dir='ltr'>3quinquennalii</span> <span class='ocrx_word' id='word_1_369' title='bbox 950 4285 982 4334; x_wconf 91' lang='lat' dir='ltr'><em>M</em></span> <span class='ocrx_word' id='word_1_370' title='bbox 1002 4282 1013 4350; x_wconf 88' lang='grc' dir='ltr'>ΙΙ</span> <span class='ocrx_word' id='word_1_371' title='bbox 1037 4283 1112 4348; x_wconf 90' lang='lat' dir='ltr'>dein]</span> <span class='ocrx_word' id='word_1_372' title='bbox 1133 4285 1165 4334; x_wconf 90' lang='lat' dir='ltr'>de</span> <span class='ocrx_word' id='word_1_373' title='bbox 1184 4287 1209 4333; x_wconf 94' lang='lat' dir='ltr'><em>P</em></span> <span class='ocrx_word' id='word_1_374' title='bbox 1227 4285 1326 4334; x_wconf 89' lang='lat' dir='ltr'>deiude</span> 
     </span>
     <span class='ocr_line' id='line_1_38' title="bbox 186 4347 1323 4417; baseline 0.003 -19"><span class='ocrx_word' id='word_1_375' title='bbox 186 4367 204 4398; x_wconf 88' lang='grc' dir='ltr'><strong>α</strong></span> <span class='ocrx_word' id='word_1_376' title='bbox 228 4347 240 4415; x_wconf 79' lang='grc' dir='ltr'>Η</span> <span class='ocrx_word' id='word_1_377' title='bbox 267 4351 359 4400; x_wconf 81' lang='lat' dir='ltr'>liiatum</span> <span class='ocrx_word' id='word_1_378' title='bbox 385 4355 473 4402; x_wconf 79' lang='lat' dir='ltr'>notaui</span> <span class='ocrx_word' id='word_1_379' title='bbox 498 4355 529 4401; x_wconf 91' lang='lat' dir='ltr'>ci.</span> <span class='ocrx_word' id='word_1_380' title='bbox 548 4355 631 4401; x_wconf 87' lang='lat' dir='ltr'>altero</span> <span class='ocrx_word' id='word_1_381' title='bbox 653 4353 706 4400; x_wconf 86' lang='lat' dir='ltr'>uita</span> <span class='ocrx_word' id='word_1_382' title='bbox 724 4353 748 4401; x_wconf 77' lang='lat' dir='ltr'><em>A</em></span> <span class='ocrx_word' id='word_1_383' title='bbox 772 4369 814 4416; x_wconf 85' lang='lat' dir='ltr'>op.</span> <span class='ocrx_word' id='word_1_384' title='bbox 834 4354 984 4416; x_wconf 80' lang='lat' dir='ltr'>Reifferscli.</span> <span class='ocrx_word' id='word_1_385' title='bbox 1004 4351 1074 4402; x_wconf 83' lang='lat' dir='ltr'>Suet.</span> <span class='ocrx_word' id='word_1_386' title='bbox 1094 4370 1122 4416; x_wconf 92' lang='lat' dir='ltr'>p.</span> <span class='ocrx_word' id='word_1_387' title='bbox 1143 4354 1188 4416; x_wconf 79' lang='lat' dir='ltr'>ii,</span> <span class='ocrx_word' id='word_1_388' title='bbox 1209 4354 1239 4402; x_wconf 90' lang='grc'>18</span> <span class='ocrx_word' id='word_1_389' title='bbox 1257 4369 1295 4417; x_wconf 87' lang='lat' dir='ltr'>sq.</span> <span class='ocrx_word' id='word_1_390' title='bbox 1312 4349 1323 4416; x_wconf 75' lang='lat' dir='ltr'>ll</span> 
     </span>
     <span class='ocr_line' id='line_1_39' title="bbox 186 4418 1326 4485; baseline 0.002 -18"><span class='ocrx_word' id='word_1_391' title='bbox 186 4418 322 4481; x_wconf 88' lang='lat' dir='ltr'>quod...</span> <span class='ocrx_word' id='word_1_392' title='bbox 340 4437 367 4482; x_wconf 91' lang='lat' dir='ltr'>p.</span> <span class='ocrx_word' id='word_1_393' title='bbox 386 4422 416 4476; x_wconf 84' lang='lat'>4,</span> <span class='ocrx_word' id='word_1_394' title='bbox 438 4423 450 4468; x_wconf 92' lang='lat'>1</span> <span class='ocrx_word' id='word_1_395' title='bbox 471 4424 515 4470; x_wconf 87' lang='lat' dir='ltr'>est</span> <span class='ocrx_word' id='word_1_396' title='bbox 532 4421 660 4470; x_wconf 84' lang='lat' dir='ltr'>damnauit</span> <span class='ocrx_word' id='word_1_397' title='bbox 680 4420 709 4472; x_wconf 82' lang='lat' dir='ltr'>G.</span> <span class='ocrx_word' id='word_1_398' title='bbox 729 4420 860 4470; x_wconf 81' lang='lat' dir='ltr'>Beckerus</span> <span class='ocrx_word' id='word_1_399' title='bbox 877 4423 904 4470; x_wconf 90' lang='lat' dir='ltr'>in</span> <span class='ocrx_word' id='word_1_400' title='bbox 923 4420 1079 4470; x_wconf 77' lang='lat' dir='ltr'>Fleckeiseui</span> <span class='ocrx_word' id='word_1_401' title='bbox 1101 4437 1161 4470; x_wconf 87' lang='lat' dir='ltr'>ann.</span> <span class='ocrx_word' id='word_1_402' title='bbox 1178 4421 1241 4485; x_wconf 77' lang='lat' dir='ltr'>phil,</span> <span class='ocrx_word' id='word_1_403' title='bbox 1262 4421 1326 4470; x_wconf 89' lang='grc'>1863</span> 
     </span>
     <span class='ocr_line' id='line_1_40' title="bbox 187 4487 959 4554; baseline 0 -17"><span class='ocrx_word' id='word_1_404' title='bbox 187 4493 205 4538; x_wconf 90' lang='lat' dir='ltr'>t.</span> <span class='ocrx_word' id='word_1_405' title='bbox 223 4488 255 4536; x_wconf 85' lang='grc'>87</span> <span class='ocrx_word' id='word_1_406' title='bbox 274 4503 302 4552; x_wconf 92' lang='lat' dir='ltr'>p.</span> <span class='ocrx_word' id='word_1_407' title='bbox 321 4488 369 4536; x_wconf 86' lang='grc'>661</span> <span class='ocrx_word' id='word_1_408' title='bbox 388 4487 422 4552; x_wconf 77' lang='lat' dir='ltr'>cf.</span> <span class='ocrx_word' id='word_1_409' title='bbox 443 4488 538 4538; x_wconf 82' lang='lat' dir='ltr'>Gentlie</span> <span class='ocrx_word' id='word_1_410' title='bbox 556 4488 616 4538; x_wconf 82' lang='lat' dir='ltr'>iota.</span> <span class='ocrx_word' id='word_1_411' title='bbox 637 4489 703 4537; x_wconf 85' lang='grc'>1864</span> <span class='ocrx_word' id='word_1_412' title='bbox 722 4496 740 4537; x_wconf 92' lang='lat' dir='ltr'>t.</span> <span class='ocrx_word' id='word_1_413' title='bbox 758 4490 791 4539; x_wconf 88' lang='grc'>89</span> <span class='ocrx_word' id='word_1_414' title='bbox 808 4505 836 4554; x_wconf 86' lang='lat' dir='ltr'>p.</span> <span class='ocrx_word' id='word_1_415' title='bbox 855 4490 903 4538; x_wconf 79' lang='lat'>541</span> <span class='ocrx_word' id='word_1_416' title='bbox 921 4505 959 4553; x_wconf 89' lang='lat' dir='ltr'>sq.</span> 
     </span>
    </p>
   </div>
   <div class='ocr_carea' id='block_1_8' title="bbox 1083 4575 1124 4634">
    <p class='ocr_par' dir='ltr' id='par_1_8' title="bbox 1083 4575 1124 4634">
     <span class='ocr_line' id='line_1_41' title="bbox 1083 4575 1124 4634; baseline 0 -24"><span class='ocrx_word' id='word_1_417' title='bbox 1083 4575 1124 4634; x_wconf 69' lang='lat'>1*</span> 
     </span>
    </p>
   </div>
   <div class='ocr_carea' id='block_1_9' title="bbox 0 0 1667 5200">
    <p class='ocr_par' dir='ltr' id='par_1_9' title="bbox 0 0 1667 5200">
     <span class='ocr_line' id='line_1_42' title="bbox 0 0 1667 5200; baseline 0 0"><span class='ocrx_word' id='word_1_418' title='bbox 0 0 1667 5200; x_wconf 95' lang='lat' dir='ltr'> </span> 
     </span>
    </p>
   </div>
  </div>
 </body>
</html>
