3294 5200
312 385 332 450 6
671 405 822 453 svurour
844 407 927 454 v1rA
950 407 1080 456 uvonur
1388 411 1420 480 [f.
1439 419 1454 466 2

310 555 389 640 poni
418 555 585 643 [uenalia]
614 581 678 623 non
707 567 832 625 tantum
859 583 995 646 operose
1023 573 1055 629 et
1082 561 1253 647 diligenter
1275 572 1325 631 set
1346 565 1456 653 inepte

312 678 448 748 quoque.

781 805 975 814 ---—·--—-—·-—-=

627 968 930 1054 (EPITAPHION
954 971 1136 1036 LVOANI.

419 1119 577 1187 Corduba
598 1144 650 1185 me
671 1123 796 1206 genuit.
833 1123 942 1209 rapuit
963 1124 1062 1189 Nero.
1099 1125 1224 1211 proelia
1247 1127 1316 1191 dixi

279 1248 294 1300 5
463 1230 467 1238 '
515 1244 597 1309 quae
619 1244 751 1308 gessere
773 1247 868 1310 pares
891 1225 967 1290 hine
990 1247 1082 1290 socer
1103 1226 1181 1291 inde
1202 1250 1342 1312 gener.¹

418 1323 579 1389 Continuo
602 1335 778 1412 numquam
802 1325 908 1394 direxi
931 1327 1074 1392 carmina
1094 1327 1213 1413 ductu,

312 1458 515 1468 ———--·-—--

345 1514 525 1632 dglpenelie
544 1531 582 1565 om
599 1515 619 1564 (I
636 1516 765 1565 damnauit
781 1515 906 1567 Weberus
928 1513 940 1583 ll
964 1532 1046 1583 opere
1066 1521 1096 1568 et
1113 1517 1133 1567 S
1155 1514 1168 1584 l]
1196 1517 1250 1584 aet]
1269 1521 1316 1570 sed
1336 1525 1363 1572 et
1381 1521 1455 1571 MPS

313 1599 342 1634 se
426 1619 432 1632 .

380 1655 434 1700 3-
439 1668 466 1713 p.
478 1652 501 1711 7,
513 1654 528 1701 3
541 1651 642 1702 Pittaci
653 1653 733 1715 epipr.
743 1669 771 1715 p.
783 1654 815 1702 97
827 1649 891 1717 (80).
902 1653 996 1703 antlzol.
1008 1655 1053 1706 lat.
1062 1652 1205 1705 Burmanni
1217 1655 1251 1705 II
1262 1657 1311 1706 229
1322 1673 1350 1721 p.
1359 1657 1409 1705 417
1426 1657 1463 1705 II.

312 1719 415 1784 Meyeri
432 1720 542 1784 cusos
561 1727 580 1772 t.
600 1719 615 1768 I
630 1736 657 1783 p.
671 1721 728 1768 262.
767 1719 807 1778 Cf.
828 1720 948 1770 Genthius
967 1721 1006 1771 De
1026 1723 1080 1771 uita
1098 1723 1199 1772 Lucani
1213 1740 1243 1787 p.
1257 1725 1289 1773 32
1307 1740 1345 1788 sq.
1381 1724 1454 1774 Inte·
1474 1763 1477 1767 Α

310 1803 382 1852 prum
399 1803 501 1836 carmen
519 1803 554 1836 ex
571 1787 642 1837 libris
660 1789 720 1837 meis
737 1787 794 1836 BV
809 1794 936 1838 testantur
957 1795 983 1838 et
1002 1789 1023 1839 G
1040 1809 1074 1832 =
1094 1790 1278 1840 Gemblacensis
1296 1793 1328 1840 de
1347 1807 1395 1856 quo
1413 1791 1453 1840 t'a-

311 1871 366 1904 men
378 1856 438 1904 rneis
450 1856 523 1904 uelim
535 1858 615 1904 oculis
627 1858 705 1918 ruapis
717 1857 809 1905 credas
822 1873 894 1920 quum
912 1857 1018 1907 Weberi
1033 1861 1174 1908 testimonio
1187 1860 1231 1908 uit.
1245 1859 1308 1908 Luc.
1320 1867 1391 1923 part.
1403 1859 1437 1907 II
1441 1859 1455 1907 I

309 1940 336 1987 p.
355 1924 384 1982 4,
409 1927 514 1988 itemque
538 1923 569 1972 M
583 1942 618 1965 =
635 1923 875 1987 Montepessulanus
897 1942 913 1974 a
936 1924 1083 1976 Steiniarto
1105 1941 1235 1977 excussus.
1266 1943 1290 1975 u.
1311 1928 1323 1975 1
1342 1930 1420 1976 sotum
1433 1925 1455 1991 ’β

310 1991 495 2040 :Beruensis
512 1989 681 2040 cooaxlll
701 2006 768 2040 suec.
791 1991 870 2040 VIII
888 1993 909 2054 f.
929 1993 973 2041 28r
990 2009 1070 2059 neque
1087 1995 1193 2058 amplius
1211 1994 1357 2044 Atdlrelmus
1375 1997 1401 2044 iu
1420 1996 1453 2044 A.
1527 2002 1529 2014 ¹

312 2058 370 2108 Μαι
391 2063 547 2110 clossauat.
568 2059 618 2108 uol.
637 2059 662 2107 V
679 2075 705 2120 p.
719 2060 781 2121 529,
805 2075 830 2108 ιι.
845 2062 867 2108 l.
887 2062 902 2109 2
924 2063 1025 2124 plossoe
1044 2061 1243 2112 Aurelianenses
1261 2063 1318 2113 cod.
1336 2063 1453 2128 Lupriuu.

310 2129 331 2189 f.
353 2127 426 2175 ltu:
445 2143 469 2174 u.
491 2127 566 2174 1—4
587 2125 610 2174 Τ
618 2144 652 2168 =
668 2125 813 2176 Turiccusis
836 2125 893 2176 bibl.
914 2129 1024 2177 ciuitatis
1043 2129 1070 2176 C.
1089 2131 1120 2178 97
1138 2145 1207 2182 saec.
1226 2129 1271 2178 XI
1285 2132 1306 2192 f.
1328 2132 1356 2177 1¹¹
1379 2147 1395 2179 a
1418 2147 1455 2180 rue

232 2235 238 2244 “
312 2192 877 2322 titilletiui‘ltlttultil?
890 2195 1454 2328 tt‘ttllttlutt''littlt‘tul

312 2344 375 2376 unus
393 2329 555 2379 Florentinus
579 2335 603 2377 et
627 2329 676 2377 duo
697 2328 867 2378 Monacenses
888 2335 952 2379 teste
970 2331 1002 2380 L.
1023 2330 1160 2396 Spenpelio
1182 2345 1252 2394 spec.
1275 2282 1408 2382 tectionrim
1430 2335 1456 2381 in

315 2397 407 2446 Catulli
426 2400 539 2445 carmina
563 2396 683 2446 Monact.
705 2396 769 2445 1827
796 2412 823 2459 ρ.
844 2398 888 2446 ll:
912 2414 935 2449 n.
956 2399 980 2446 5.
1000 2399 1015 2446 6
1037 2398 1132 2447 selredn
1154 2400 1291 2462 singularis
1313 2401 1409 2449 codicis
1434 2400 1457 2450 U

314 2463 363 2526 (cf.
383 2466 419 2514 ad
432 2481 460 2529 p.
481 2467 509 2527 3,
529 2464 570 2526 2).
607 2465 668 2529 quid
690 2465 759 2529 quod
779 2466 805 2512 in
827 2480 878 2515 uuo
900 2467 988 2514 saltem
1013 2467 1101 2516 codice
1119 2466 1352 2516 R=Mouacensi
1375 2468 1456 2517 14505

312 2533 370 2581 otim
392 2531 571 2582 Ratisbonensi
596 2531 624 2581 S.
644 2531 795 2580 Emrrzerami
817 2532 846 2593 I',
875 2532 949 2582 VIII
977 2548 1045 2584 suec.
1064 2533 1108 2582 XI
1132 2534 1154 2597 f.
1176 2535 1237 2585 131r
1259 2535 1354 2584 duobus
1382 2537 1457 2585 etiarn

314 2607 412 2649 auctum
429 2600 544 2650 distichis
561 2601 609 2651 too
626 2615 727 2649 carmen
744 2601 836 2664 lepitur
853 2600 921 2651 Irisce
1209 2636 1211 2640 -

500 2683 647 2743 *Carmina
666 2684 689 2734 si
707 2684 812 2734 fuerint
830 2688 858 2735 ie
876 2685 969 2736 iudice
989 2685 1073 2751 digna
1092 2684 1204 2738 fauore}

515 2752 657 2802 Reddatur
674 2751 772 2802 titulus
791 2768 971 2818 purpureum,
990 2755 1075 2816 nitor;

515 2819 564 2870 Sin
582 2820 670 2871 minus
687 2821 793 2886 estiuas
811 2823 917 2884 poteris
935 2822 1099 2873 conuoluere
1118 2821 1229 2873 sardas}

515 2889 571 2936 Aut
587 2890 666 2953 piper
685 2892 733 2937 aui
752 2887 847 2936 ualuas
866 2888 930 2938 hino
949 2891 1056 2954 operire
1079 2905 1177 2952 nuces3

314 2989 378 3039 quae
396 2974 491 3037 primus
508 2976 524 3020 l.
542 2987 562 3020 s.
583 2970 734 3036 Spenpelius
752 2972 846 3030 ediciu-
863 2974 911 3022 sed
928 2980 1016 3022 ussutu
1033 2981 1091 3022 suut
1109 2989 1144 3022 ere
1161 2975 1272 3023 carmine
1291 2976 1398 3039 quodam
1416 2977 1460 3024 de-

311 3043 415 3106 perdito
428 3043 498 3089 cuius
509 3043 651 3089 rueruorr'nnr
664 3039 795 3088 Atdlaelmo
809 3039 925 3090 debemus
938 3043 969 3090 de
985 3048 1057 3090 metr.
1070 3057 1096 3106 p.
1111 3042 1160 3090 520
1172 3041 1232 3090 Mai
1244 3045 1260 3091 l.
1272 3057 1293 3092 s.
1324 3041 1460 3105 Virgilius

292 3100 380 3158 'item
403 3107 474 3157 libro
493 3122 573 3170 quem
591 3105 775 3172 Psedagogus
793 3107 1000 3171 praetitulauit,
1026 3108 1102 3158 ouius
1122 3109 1289 3173 principium
1309 3113 1352 3158 esi
1376 3109 1459 3158 ‘Car-

312 3181 388 3226 mina
400 3177 425 3226 si
443 3211 558 3225 .......
577 3175 687 3238 operire
700 3178 802 3224 nuces’
822 3176 856 3238 cf.
870 3176 902 3227 L.
917 3175 1027 3225 Mueller
1038 3191 1103 3226 rausr
1113 3177 1193 3226 Illacn.
1208 3184 1225 3225 t.
1238 3176 1325 3226 XXII
1335 3194 1362 3240 p.
1374 3176 1407 3226 85
1419 3193 1458 3241 sq.

305 3244 439 3314 'Quattuor
450 3244 546 3307 primos
557 3257 646 3292 uersus
658 3243 691 3294 L.
705 3242 856 3306 Spenpelius
867 3246 936 3294 solas
951 3245 1074 3308 penninos
1085 3244 1206 3308 putabat,
1224 3245 1378 3294 deteriorum
1390 3249 1460 3294 seto-

313 3315 402 3362 liorum
418 3313 453 3360 ad
465 3311 481 3358 I
501 3314 523 3364 1.
536 3312 551 3360 8
569 3312 688 3360 memoria
700 3313 764 3359 male
777 3313 908 3375 explicata
921 3313 947 3360 tn
960 3327 1014 3361 erun
1025 3327 1140 3362 errorem
1158 3314 1275 3362 inductus
1292 3318 1320 3361 ut
1336 3319 1462 3362 statueret

314 3381 355 3429 ‘u‘
371 3385 428 3430 sunt
442 3378 555 3428 Senecae
574 3382 637 3444 qaas
649 3379 755 3428 Lucano
773 3386 870 3429 mortuo
883 3381 989 3428 carmini
998 3386 1190 3443 praeposuerat
1199 3384 1216 3429 ’.
1251 3381 1355 3430 soniare
1368 3382 1460 3430 iudicio

300 3463 372 3497 usos
397 3447 517 3497 Gentlrius
539 3449 556 3496 t.
578 3462 599 3498 s.
623 3461 650 3509 p.
669 3447 701 3496 33
727 3461 816 3496 uersus
839 3447 916 3496 3-6
942 3447 1090 3497 subditicios
1113 3450 1198 3514 arpuit
1225 3463 1281 3497 esse
1309 3450 1340 3496 ct.
1363 3448 1463 3512 Verpili

314 3516 445 3580 epitaphio
464 3517 535 3579 apud
549 3515 677 3564 Donatum
693 3521 797 3564 seruato
821 3514 835 3574 ξ
854 3515 886 3564 36
904 3531 931 3578 p.
945 3516 993 3572 63,
1012 3517 1027 3564 7
1046 3516 1123 3583 Iieiff.
1141 3533 1168 3580 p.
1189 3516 1240 3566 738,
1259 3517 1293 3564 II.
1313 3515 1414 3579 ancn.
1434 3522 1461 3564 at

313 3600 363 3634 nou
381 3585 459 3632 minuas
477 3589 573 3632 certum
591 3598 641 3632 uon
659 3582 740 3632 eidem
757 3585 799 3631 cui
815 3585 921 3632 alterurn
938 3582 1028 3632 deberi
1037 3585 1200 3646 prannuotico
1214 3583 1314 3632 tertium
1326 3583 1460 3638 distichon,

314 3654 407 3717 quippe
431 3652 500 3715 quod
521 3651 626 3700 eundem
653 3655 756 3714 repetat
777 3655 941 3708 senteutiam
965 3652 1064 3700 accedit
1087 3653 1156 3716 quod
1176 3667 1229 3700 cum
1251 3651 1321 3699 multi
1340 3650 1399 3700 libri
1415 3650 1462 3700 Iane

312 3723 443 3782 iquorem,
461 3719 487 3767 in
507 3717 679 3767 Gemblacensi
693 3719 811 3780 primitus
829 3726 949 3784 quattuor
966 3725 1062 3768 tantum
1080 3734 1169 3768 uersus
1187 3719 1342 3776 extiterunt,
1363 3719 1462 3767 tertium

312 3787 437 3837 distichon
460 3802 477 3834 a
499 3786 643 3834 recentiore
665 3789 761 3834 saeculi
779 3785 821 3834 XI
845 3787 951 3837 librario
974 3788 1098 3836 adlectum
1119 3793 1168 3836 est.
1205 3793 1281 3850 utque
1305 3802 1334 3836 eo
1356 3787 1462 3836 consitio

286 3886 291 3895 ·
310 3856 384 3917 sacta
413 3853 526 3902 accessio
553 3855 666 3910 uidetur,
694 3860 722 3901 ut
749 3854 895 3918 epitaphion
921 3861 1048 3904 ternorum
1071 3854 1233 3904 distichorum
1257 3853 1350 3904 ambitu
1372 3855 1462 3903 similia

315 3930 439 3988 aequaret
458 3922 641 3986 epigrammata
659 3922 745 3984 qualia
761 3930 818 3971 sunt
836 3923 862 3971 in
879 3922 1023 3971 Terentium
1041 3922 1109 3971 antii.
1125 3921 1228 3987 Meyeri
1244 3922 1294 3972 845
1314 3929 1338 3972 et
1356 3922 1382 3971 in
1398 3922 1462 3970 Ver·

315 3993 399 4056 pilium
417 3989 525 4054 Sulpicii
542 3988 760 4052 Curtiapiuiensis
778 3989 838 4043 ibid.
858 3991 915 4044 222.

382 4130 397 4177 3
416 4139 591 4176 uerunrmou
611 4136 736 4176 erronum
757 4125 778 4174 G
796 4124 911 4191 epitsfiir
932 4125 1027 4175 lucani
1044 4129 1126 4191 poete
1145 4122 1161 4192 β
1180 4122 1230 4174 nri
1247 4127 1346 4176 uvosu'
1365 4123 1390 4172 B
1412 4139 1462 4174 ru-

314 4243 403 4279 enuus
421 4245 456 4278 ou
476 4243 565 4277 euuur
584 4241 647 4276 11³s0
663 4227 706 4276 M:
724 4228 796 4276 titulo
815 4235 905 4277 carent
919 4227 994 4277 RI'V
1015 4222 1028 4291 ss
1056 4229 1073 4275 4
1091 4183 1248 4294 condirio'ti
1269 4225 1397 4276 Corduba
1410 4225 1435 4274 B
1447 4221 1461 4288 ll

314 4297 420 4363 proelio
433 4296 491 4346 MT
500 4294 558 4360 ilia
570 4298 611 4345 uct
622 4294 711 4361 prelia
724 4298 804 4344 ceteri
823 4291 835 4361 Η
857 4298 872 4345 5
885 4295 949 4344 hine
963 4310 1047 4359 gener
1060 4294 1124 4345 inde
1138 4311 1218 4346 socer
1231 4294 1358 4344 Sixianus
1369 4289 1381 4358 Η
1400 4291 1463 4342 inde

315 4397 508 4448 BFGMRTV:
523 4403 605 4461 atque
619 4398 677 4446 libri
689 4397 831 4447 deteriores
844 4403 870 4445 ut
880 4396 1050 4446 Monoaeuses
1062 4396 1195 4462 Speupelii
1205 4413 1232 4460 p.
1244 4397 1274 4444 17
1287 4390 1300 4462 ΙΙ
1318 4396 1333 4442 6
1346 4367 1402 4444 uui¹
1413 4397 1463 4460 qui

315 4466 343 4534 (n
361 4482 378 4518 a
394 4481 446 4520 rec,
464 4482 537 4519 manu
555 4482 635 4536 supra
653 4466 770 4534 foramen
782 4465 939 4515 membranae
952 4463 1084 4532 scriptum)
1108 4465 1129 4516 G
1146 4478 1285 4529 nunquam
1305 4462 1361 4514 ΓΤ.
