3312 5200
352 385 416 454 vm

349 557 444 622 quam
466 560 545 623 quae
567 536 705 627 priinum
721 537 866 601 obtutum
882 536 1083 620 detinebant,
1106 537 1230 601 occulta
1250 538 1285 601 in
1299 539 1491 606 membranis

348 657 484 740 pessime
519 656 637 720 habitis
667 655 816 739 omnique
844 655 996 720 uitiorum
1023 677 1140 740 genere
1174 655 1359 722 deformatis
1394 659 1491 724 latere

348 775 440 840 facile
469 765 651 860 apparebat.
696 773 860 839 exhaurire
888 773 945 838 has
975 775 1082 858 copias
1110 796 1177 839 non
1198 778 1325 860 poterat
1351 777 1415 841 nisi
1438 778 1491 860 qui

235 908 238 924 ¹
328 894 499 958 'uolumen
520 897 624 960 toturn
654 892 909 978 perquisiuisset,
931 893 1071 976 perquiri
1092 893 1243 978 uolumen
1264 897 1325 959 nisi
1347 895 1430 960 idem
1453 895 1491 959 ad

348 1035 487 1098 unguem
510 1012 724 1097 castigabatur
745 1012 905 1096 nequibat.
944 1012 990 1075 sic
1011 1011 1110 1096 igitur
1131 1012 1199 1076 fieri
1222 1013 1371 1097 oportuit.
1415 1014 1491 1078 iam-

349 1155 409 1216 que
430 1131 679 1196 transcribendis
702 1134 734 1195 et
762 1129 966 1195 emendandis
990 1128 1119 1194 scholiis
1142 1130 1169 1194 si
1191 1131 1266 1214 quid
1296 1132 1353 1195 otii
1376 1132 1492 1216 duplex

348 1273 464 1314 munus
498 1248 660 1313 Bernense
694 1249 879 1313 remittebat
910 1249 1081 1333 insumpsi,
1119 1250 1213 1332 atque
1248 1252 1324 1334 post
1356 1251 1491 1335 primam

349 1372 501 1433 aestatem
525 1368 837 1453 Grypiswaldensem
858 1367 997 1434 Bernam
1024 1389 1169 1432 reuersus
1196 1367 1338 1432 codicem
1360 1391 1387 1433 a.
1405 1369 1433 1433 d.
1451 1387 1491 1432 111

347 1510 449 1552 nonas
479 1490 539 1551 oct.
564 1509 590 1552 a.
614 1487 645 1552 h.
669 1510 694 1551 s.
718 1505 807 1550 Lxru
829 1486 966 1570 explicui
993 1468 1138 1550 feliciter.
1183 1486 1268 1571 quod
1295 1488 1436 1551 restabat
1457 1491 1493 1551 ut

349 1607 466 1671 codicis
501 1606 630 1670 alterius
665 1604 837 1669 Bernensis
870 1629 902 1670 n.
932 1623 1055 1669 xxxxv
1082 1605 1204 1670 scholia
1238 1609 1504 1689 excerperentur,

348 1725 385 1790 a.
414 1724 553 1789 Pfander
580 1725 615 1788 in
643 1746 677 1788 se
705 1725 824 1808 recepit
851 1725 1166 1807 beneuolentissime,
1194 1724 1330 1808 perfecit
1356 1724 1490 1809 diligen-

347 1844 478 1908 tissime.
510 1843 565 1906 sed
579 1842 656 1906 noui
672 1842 820 1926 deinceps
842 1843 967 1908 labores
983 1845 1175 1907 accrescunt.
1205 1843 1310 1907 inerat
1330 1844 1366 1906 in
1380 1844 1491 1908 eodem

347 1964 404 2027 illo
427 1963 589 2028 uolumine
612 1961 707 2025 etiam
730 1983 839 2026 corum
865 1963 900 2026 in
921 1960 1085 2026 Lucanum
1113 1961 1322 2047 scholiomm,
1351 1984 1430 2045 quae
1453 1985 1491 2026 ex

348 2081 506 2146 Vossiano
523 2080 668 2163 exemplo
684 2080 823 2144 secundo
839 2081 895 2167 (U)
912 2081 1157 2164 Oudendorpius
1180 2081 1319 2164 itemque
1341 2103 1379 2144 ex
1394 2080 1490 2145 Bero-

349 2200 465 2264 linensi
491 2198 610 2262 Weber
637 2199 891 2281 publicauerant,
918 2199 1080 2283 specimen
1108 2198 1204 2283 longe
1234 2201 1266 2262 et
1294 2199 1434 2264 limatius
1460 2202 1492 2262 et

348 2319 490 2404 plenius,
513 2317 769 2380 ‘adnotationes'
783 2323 910 2380 'nomen
926 2316 955 2380 ei
970 2319 1047 2381 erat.
1078 2317 1184 2401 itaque
1206 2320 1376 2400 postquam
1395 2325 1490 2381 ‘com-
1559 2359 1562 2362 -

348 2438 468 2502 menta'
485 2435 681 2500 emendanda
697 2438 730 2500 et
744 2435 865 2499 edenda
880 2435 1018 2518 suscepi,
1034 2457 1100 2499 non
1115 2435 1218 2520 magis
1239 2433 1301 2498 hoc
1316 2434 1490 2499 detrectare

265 2621 269 2638 Κ
348 2577 463 2622 munus
485 2557 630 2638 poteram
651 2557 687 2617 ut
709 2554 992 2618 ‘adnotationibus’
1012 2553 1151 2639 speciem
1173 2553 1337 2618 redderem
1360 2554 1490 2639 integri-

348 2676 409 2739 tati
442 2696 536 2758 quam
567 2673 755 2757 proximam.
806 2673 893 2756 atqui
925 2675 1079 2757 temporis
1110 2673 1226 2737 iniuria
1258 2672 1332 2736 illae
1359 2672 1489 2736 dimidio

347 2795 512 2857 truncatae
533 2793 568 2856 in
596 2792 678 2856 libro
700 2791 857 2856 Bernensi
885 2792 1080 2876 legebantur.
1126 2792 1407 2877 circumspicienda
1429 2792 1491 2856 alia

349 2914 440 2976 erant
453 2912 577 2975 auxilia.
608 2932 742 2994 quorum
757 2910 981 2995 grauissimum
996 2910 1163 2974 inuentum
1178 2913 1228 2975 est
1242 2911 1339 2975 codex
1354 2909 1490 2974 Waller-

349 3030 532 3112 steinensis,
555 3029 595 3093 ab
618 3029 731 3093 codem
752 3050 823 3093 curn
839 3027 994 3093 Bernensi
1017 3029 1162 3113 exemplo
1185 3029 1338 3092 oriundus
1360 3030 1490 3112 eiusque

348 3171 478 3232 prorsus
500 3147 666 3233 gemellus.
712 3147 739 3210 is
763 3145 798 3211 O.
821 3147 950 3212 Halmio
972 3147 1041 3210 uiro
1065 3147 1240 3211 clarissimo
1261 3146 1490 3212 humanissime

267 3325 269 3329 .
347 3267 564 3330 intercedente
586 3265 625 3329 ad
648 3287 699 3329 me
723 3265 870 3330 defertur.
916 3268 950 3329 at
970 3268 1060 3329 tanta
1082 3265 1247 3330 aWeberi
1269 3265 1406 3330 lectione
1429 3267 1490 3331 dis-

349 3386 525 3470 crepantia,
547 3386 583 3448 ut
605 3406 671 3449 non
693 3387 759 3448 tam
781 3385 887 3448 notari
910 3384 1035 3448 diuersa
1056 3385 1167 3449 liceret
1188 3405 1283 3468 quam
1305 3385 1490 3450 transscribi

348 3505 506 3589 integram
521 3503 715 3568 scholiorum
739 3504 864 3588 copiam
886 3506 1056 3588 oporteret.
1079 3501 1196 3587 ¹ireque
1210 3525 1286 3594 uero
1301 3503 1489 3568 ‘adnotatio-

348 3631 437 3687 num’
461 3623 633 3688 editionem
660 3644 777 3687 nouam
805 3623 932 3708 paranti
952 3622 1183 3689 Vossianorum
1206 3622 1357 3685 librorum
1382 3622 1490 3688 deesse

349 3741 570 3805 auctoritatem
591 3764 649 3824 par
664 3745 740 3806 erat.
777 3741 839 3807 hoc
861 3763 985 3826 quoque
1000 3741 1218 3806 adiumentum
1239 3761 1297 3822 per
1311 3739 1490 3826 Pluygersii

279 3931 283 3947 ζ
348 3860 537 3944 professoris
565 3859 729 3924 Leidensis
756 3861 978 3925 liberalitatem
1007 3859 1169 3945 egregiam
1198 3861 1230 3922 et
1257 3859 1292 3921 in
1321 3859 1491 3924 Germania

349 3980 466 4064 quippe
482 3978 591 4044 eadem
606 3981 639 4043 et
653 3979 767 4043 artium
783 3979 961 4044 liberalium
977 3981 1009 4043 et
1030 3979 1243 4042 inliberalium
1257 3978 1490 4062 praefectorum

349 4099 472 4163 nutrice
500 4098 676 4162 inauditam
704 4098 845 4163 accessit.
891 4101 984 4182 atque
1006 4095 1199 4162 Vossianum
1223 4097 1395 4161 secundum
1422 4098 1490 4181 ipse

350 4237 422 4282 cum
436 4216 568 4281 Weberi
583 4216 722 4282 editione
743 4217 879 4302 contuli,
901 4217 1039 4301 primum
1055 4238 1188 4300 eumque
1210 4216 1318 4299 paullo
1340 4217 1491 4280 uetustio-
1527 4293 1530 4298 ¹

349 4357 417 4400 rem
444 4333 646 4400 Hermannus
673 4336 822 4420 Mueller,
852 4336 934 4402 sicut
968 4339 1016 4399 est
1050 4335 1156 4398 animo
1186 4356 1262 4418 erga
1293 4357 1344 4399 me
1377 4358 1490 4420 prono,

350 4455 489 4518 excussit
503 4456 656 4520 sollerter.
684 4458 846 4540 postremo
862 4455 964 4520 codici
980 4453 1212 4537 Gemblacensi,
1229 4453 1316 4518 euius
1331 4455 1491 4552 margines
