3294 5200
286 381 310 427 X

287 533 539 599 administratam
553 535 751 600 iudicaueris.
788 539 824 600 tu
838 537 924 601 enim
938 537 1018 602 mihi
1040 539 1258 606 obuersabaris
1282 544 1428 627 quotiens

287 673 401 735 operae
416 654 451 717 in
462 654 653 718 extricandis
665 653 928 719 scholasticorum
940 657 1034 742 nugis
1049 659 1216 740 ponendae
1228 681 1278 726 me
1289 646 1428 728 taedium

287 772 492 860 corripiebat:
514 778 605 838 tuum
620 773 814 856 exemplum,
837 796 878 838 ne
893 777 966 838 ante
989 797 1084 858 quam
1097 778 1303 861 temptassem
1318 778 1427 863 despe-

284 893 389 954 ratum
411 892 578 974 quicquam
600 883 827 976 relinquerem,
851 893 989 957 uetabat.
1063 959 1066 966 ,
1311 873 1314 878 Α
1445 870 1446 879 ¹

370 1009 498 1074 domum
520 1011 605 1072 recte
626 1008 823 1073 aedificatam
845 1011 984 1094 expolire
1000 1015 1033 1076 et
1054 1013 1248 1077 ornamentis
1269 1015 1426 1079 instruere

285 1151 379 1212 quam
400 1128 493 1192 facile
509 1129 566 1210 sit,
588 1129 691 1213 magis
713 1149 807 1212 quam
829 1131 864 1192 tu
878 1133 1084 1194 monumento
1100 1130 1250 1195 Plautino
1266 1135 1425 1196 exstructo

284 1268 381 1329 aeque
409 1249 503 1330 atque
533 1267 603 1310 acre
632 1245 765 1329 perenni
798 1245 882 1310 haud
913 1247 978 1310 scio
1008 1269 1048 1311 an
1074 1270 1168 1312 nemo
1197 1251 1344 1333 expertus
1372 1251 1423 1314 011.

282 1366 408 1450 magnis
430 1386 529 1448 parua
551 1385 712 1448 conpono,
742 1345 770 1428 si
796 1363 871 1428 huic
899 1386 1023 1449 quoque
1049 1368 1171 1451 opellae
1199 1368 1303 1432 inesse
1325 1369 1425 1432 multa

283 1505 430 1568 auguror,
446 1505 525 1566 quae
540 1483 702 1565 aliquanto
717 1482 833 1546 rectius
849 1482 1033 1566 doctiusque
1049 1485 1102 1568 agi
1116 1486 1288 1568 potuerint.
1310 1487 1423 1570 sentio,
1476 1502 1479 1509 '

281 1601 379 1665 immo
402 1602 478 1665 scio.
509 1600 564 1666 sed
585 1600 758 1684 tranquillo
782 1600 868 1684 quali
895 1601 930 1664 in
954 1601 1004 1664 his
1027 1603 1120 1666 rebus
1143 1625 1222 1687 opus
1245 1607 1294 1667 est
1315 1605 1423 1667 animo

281 1724 347 1783 tum
378 1719 505 1783 demum
532 1717 762 1804 progrediariS,
798 1739 870 1782 eum
901 1719 1120 1802 inpedimenta
1147 1721 1271 1786 itineris
1300 1697 1423 1785 remota

280 1838 408 1902 11011111.
451 1836 530 1902 haec
551 1841 674 1902 remota
696 1835 765 1900 aliis
788 1859 807 1900 a
827 1816 877 1900 me
893 1840 983 1921 sunt,
1005 1837 1085 1901 mihi
1106 1839 1300 1903 remouenda
1322 1843 1420 1904 eraut.

281 1978 340 2040 ego
356 1955 438 2020 nihil
458 1956 619 2040 antiquius
638 1954 736 2018 habui
757 1975 851 2038 quam
866 1957 902 2018 ut
920 1955 954 2019 in
968 1955 1123 2020 tradenda
1138 1957 1256 2021 codicis
1270 1959 1423 2022 memoria

279 2074 375 2138 fidem
403 2075 553 2157 quantam
580 2077 616 2138 ut
649 2072 776 2156 quidem
809 2072 906 2137 homo
940 2077 1101 2157 praestare
1128 2097 1271 2158 possem,
1299 2078 1421 2139 tantam

279 2196 481 2275 praestarem.
527 2191 582 2255 sed
616 2190 699 2254 hanc
726 2191 852 2254 laudem
881 2191 908 2253 si
937 2212 1017 2274 quae
1046 2194 1094 2254 est
1121 2213 1247 2255 omnem
1276 2192 1420 2277 Steigero

280 2310 378 2374 debeo
394 2310 464 2374 uiro
478 2308 693 2390 nobilissimo,
715 2307 928 2372 bibliothecae
943 2306 1115 2373 Bemensis
1130 2309 1291 2392 praefecto
1311 2310 1420 2376 huma·

278 2429 420 2492 nissimo.
452 2427 535 2510 qui,
557 2429 727 2510 postquam
749 2425 873 2490 chartas
895 2448 982 2491 meas
1005 2427 1110 2510 operis
1131 2426 1262 2511 tradidi,
1288 2451 1346 2512 pro
1369 2451 1420 2494 me

278 2547 346 2629 ipse
381 2565 516 2628 sponsor
544 2545 651 2608 extitit
685 2544 849 2628 effecitque
884 2548 920 2608 ut
952 2545 1067 2608 iterata
1095 2545 1212 2609 codicis
1240 2547 1420 2612 conlatione

278 2664 436 2747 deponere
464 2685 590 2728 omnem
619 2663 801 2747 scrupulum
824 2666 856 2726 01
881 2666 917 2726 11
943 2684 1084 2746 quaeque
1107 2685 1144 2727 ex
1167 2663 1296 2742 aedibus
1318 2665 1419 2730 Teub-

277 2782 417 2846 nerianis
446 2782 576 2867 plagula
601 2781 787 2865 prodiisset,
816 2781 954 2844 maxima
975 2780 1108 2844 minima
1130 2781 1169 2844 ad
1191 2783 1327 2867 exempli
1350 2805 1418 2867 spe

278 2901 358 2964 ciem
381 2901 506 2985 exigere
528 2899 696 2982 potuerim.

360 3039 428 3082 non
454 3017 559 3080 minus
587 3015 667 3079 mihi
702 3018 794 3100 grata
820 3015 882 3079 fuit
910 3013 1052 3098 Adolphi
1079 3014 1267 3100 Kiesslingii
1294 3019 1357 3082 mei
1384 3019 1418 3082 in

276 3137 413 3200 iuuando
446 3136 595 3219 prompta
628 3134 792 3217 uoluntas,
827 3133 882 3216 qui
915 3133 1060 3216 singulos¹
1093 3131 1167 3196 libri
1194 3135 1417 3216 quaterniones

276 3253 427 3318 Basiliam
454 3253 570 3318 missos
598 3274 669 3316 mea
697 3273 791 3316 causa
818 3251 1003 3336 perlegebat
1034 3250 1279 3316 lubentissime·
1316 3273 1417 3336 neque

275 3372 341 3434 ulla
363 3375 412 3435 est
438 3371 581 3456 plagula,
611 3371 689 3454 quin
711 3373 765 3434 aut
791 3369 927 3453 palmari
950 3368 1085 3452 quadam
1107 3369 1200 3432 amici
1222 3370 1417 3454 sagacissimi

278 3490 499 3553 emendatione
520 3489 658 3574 insignis
681 3488 723 3551 sit
745 3491 799 3552 aut
820 3487 1018 3552 dubitatione
1041 3486 1080 3550 ab
1103 3487 1158 3550 illo
1180 3490 1268 3550 mota
1290 3491 1417 3553 011110

275 3605 354 3669 mihi
376 3607 525 3671 uellicata
547 3606 666 3690 aliquid
689 3628 707 3670 a
728 3628 779 3671 me
803 3607 845 3670 sit
868 3609 1054 3671 correctum.

358 3723 436 3788 haec
458 3723 555 3787 habui
578 3745 657 3807 quae
678 3744 764 3787 nunc
786 3724 956 3808 praefarer.
986 3727 1022 3790 tu
1044 3744 1176 3806 quaeso,
1200 3722 1284 3805 quod
1306 3726 1427 3788 uotum

274 3841 356 3905 solui
378 3840 583 3924 tardiuscule,
606 3841 733 3905 ueniam
754 3841 835 3906 mihi
855 3841 973 3906 habeas
996 3845 1028 3906 et
1049 3841 1111 3905 hoc
1132 3841 1354 3905 munusculum
1375 3863 1416 3906 ne

274 3980 330 4023 suo
346 3960 448 4043 pretio
472 3958 556 4043 quod
577 3959 783 4044 perexiguum
806 3961 869 4043 est,
892 3960 947 4023 sed
969 3980 1075 4047 amore
1097 3979 1168 4022 11100
1184 3980 1322 4023 censeas.
1365 3959 1416 4023 fac

273 4079 380 4141 ualeas
402 4098 514 4160 meque
537 4099 632 4142 ames.

358 4233 522 4294 scribebam
543 4235 664 4294 Bonnao
686 4254 786 4294 mense
809 4235 957 4296 decembri
979 4235 1050 4294 anni
1071 4251 1323 4296 crorococnxvnr.
