3238 5198
698 1215 854 1292 LIBER
882 1215 1136 1292 SEPTIMVS

290 1418 331 1482 88
434 1421 448 1482 1
484 1435 637 1483 snomoss
674 1435 813 1484 oceano
851 1419 952 1484 ordo:
992 1439 1166 1504 numquam
1202 1418 1310 1501 magis
1346 1416 1481 1501 segnior.

348 1526 503 1586 ‘oceano'
532 1519 574 1585 ab
604 1542 734 1585 oceano.
780 1536 877 1598 ovam
905 1538 976 1584 aar
1005 1536 1144 1583 ornare
1171 1527 1283 1604 potest
1309 1517 1481 1582 seeundum

349 1621 515 1687 Platonem
539 1620 678 1707 intelligi
701 1623 756 1709 qui
778 1631 889 1686 natum
909 1620 1040 1708 quidem
1062 1621 1165 1687 tradit
1179 1643 1250 1684 esse
1265 1618 1423 1684 mundum
1440 1617 1481 1702 [id

314 1731 398 1793 5est
419 1723 576 1807 factum]‚
606 1723 665 1788 sed
686 1745 751 1786 non
772 1725 991 1788 interiturum.
1038 1722 1168 1788 diuersa
1190 1721 1292 1786 Stoici
1315 1731 1348 1786 et
1369 1721 1482 1808 Epicu·

348 1847 423 1909 rus,
447 1827 502 1912 qui
525 1834 558 1890 et
579 1834 692 1890 nutum
715 1846 787 1890 esse
809 1834 841 1889 et
855 1825 1044 1911 periturum
1067 1824 1250 1891 adfirmant.

430 1928 452 1992 2
474 1944 678 1992 chrlrlcvs
699 1945 806 1991 ΤΙΤΑΝ
826 1949 885 2013 pro
906 1926 1131 2012 ‘luctifugus’.
1169 1925 1248 1990 dicit
1263 1933 1373 1990 autem
1388 1924 1481 1991 solem

349 2029 400 2094 die
428 2049 558 2116 pugnae
585 2029 671 2093 inter
692 2029 882 2115 Pompeium
912 2039 946 2094 et
969 2029 1145 2094 Caesarem
1167 2049 1270 2114 paene
1293 2029 1372 2092 oriri
1395 2027 1481 2092 dubi·

262 2185 266 2196 .
347 2141 447 2196 tasse.
487 2154 562 2195 nam
585 2139 617 2196 et
639 2131 763 2197 tardius
787 2141 921 2196 exortus
937 2129 1175 2195 estetmodioe
1197 2151 1391 2216 progressus
1406 2127 1481 2216 polis

300 2251 331 2300 to
347 2233 380 2296 in
408 2255 443 2297 se
469 2233 653 2297 rotantibus
682 2235 880 2316 recucurrit,
909 2241 976 2296 tam
1004 2231 1138 2296 horrens
1167 2231 1315 2296 facinora
1342 2233 1482 2296 Romana

348 2345 385 2398 ut
407 2347 440 2400 et
461 2335 495 2398 in
517 2334 589 2421 ipso
616 2335 724 2399 reditu
747 2357 805 2399 suo
828 2333 937 2398 lumen
958 2333 1102 2400 nubibus
1125 2334 1368 2416 obscurauerit‚
1391 2334 1480 2400 ἔλλει-

349 2459 406 2517 ψιν
429 2437 498 2524 pati
521 2435 649 2520 elegens
672 2459 770 2523 quam
791 2435 873 2500 illud
896 2437 1050 2522 aspicere.

432 2540 696 2616 lonunorvso·
720 2555 801 2601 ram
829 2555 960 2603 votvm
988 2538 1083 2602 ordo:
1112 2537 1260 2603 defectus
1289 2539 1359 2634 pati
1385 2535 1481 2602 uoluit

349 2651 382 2707 et
403 2641 532 2707 labores
554 2649 669 2727 raptae
693 2638 787 2705 lucis.

299 2761 330 2810 15
431 2744 452 2810 5
474 2761 547 2809 ror
569 2757 707 2806 etevat
729 2759 885 2807 stannus
908 2752 946 2808 ut
961 2741 1063 2807 Stoici
1085 2740 1258 2826 eolligunt,
1282 2765 1323 2806 ex
1346 2741 1480 2807 nubibus

348 2844 522 2930 flagrantia
543 2843 619 2910 solis
642 2843 839 2908 accenditur.

434 2949 451 3012 7
476 2965 524 3012 no
547 2964 619 3012 nox
642 2961 777 3010 mommo
793 2961 906 3010 naam
921 2963 1050 3010 P·v·v·
1075 2945 1170 3011 ordo:
1196 2968 1263 3012 nox
1278 2945 1385 3010 felicis
1401 2945 1480 3009 uitae

349 3057 424 3135 p'ars
446 3049 572 3115 ultima.
1407 3061 1409 3068 '

434 3152 453 3215 8
476 3168 570 3216 vans
592 3166 745 3214 oacnrm
768 3165 917 3212 lassaron
941 3165 973 3214 s·
997 3149 1103 3213 Varro
1132 3148 1218 3214 dixit
1246 3149 1372 3213 somnia
1398 3147 1481 3213 nasci

298 3271 331 3320 20
349 3262 406 3318 aut
433 3276 475 3318 ex
504 3253 703 3318 abundantia
730 3250 965 3339 principiorum
987 3259 1043 3315 aut
1065 3249 1301 3332 deminutione,
1332 3273 1406 3314 cum
1432 3257 1481 3312 aut

349 3353 421 3442 plus
451 3355 544 3420 nobis
572 3354 690 3421 caloris
720 3362 769 3418 est
797 3360 853 3416 aut
878 3353 984 3416 minus
1008 3361 1065 3416 aut
1085 3351 1159 3437 plus
1181 3351 1329 3418 humoris
1352 3363 1409 3419 aut
1430 3350 1480 3414 mi·

348 3479 409 3520 nus
438 3467 496 3521 aut
524 3455 595 3542 plus
625 3456 709 3520 aeris
739 3463 796 3519 aut
823 3455 931 3519 minus
960 3463 1016 3518 aut
1044 3452 1116 3540 plus
1144 3455 1265 3518 terreni
1292 3455 1478 3519 autminus.

349 3579 423 3622 nam
446 3581 519 3622 cum
542 3558 614 3644 plus
636 3557 722 3642 ignis
746 3568 810 3638 est,
840 3558 875 3619 in
898 3543 1021 3620 somnis
1044 3556 1193 3642 potiones
1217 3565 1250 3620 et
1273 3577 1367 3620 omne
1385 3575 1479 3640 genus

349 3660 608 3744 refrigerationis
637 3659 879 3741 desideramns3
916 3681 990 3722 cum
1019 3657 1103 3722 aeris
1130 3656 1348 3738 abundantia,
1378 3654 1480 3722 uolare

298 3779 330 3828 ⁴25
349 3785 407 3827 nos
430 3773 462 3826 et
485 3761 638 3827 sublimia
659 3771 785 3848 petere,
810 3770 842 3824 et
864 3759 899 3823 in
922 3759 1039 3823 ceteris
1055 3758 1106 3823 sui
1122 3757 1242 3822 similia
1257 3757 1378 3843 colligi.
1411 3755 1479 3843 Epi-

416 3957 432 4004 3
452 3951 610 4014 aboijoeano
630 3951 651 4000 Ο
671 3946 683 4016 ll
706 3953 787 4014 ipro
807 3950 843 3999 C:
864 3956 987 4014 expectes
1005 3948 1055 3998 alii
1073 3955 1117 3998 oret
1133 3947 1179 3998 uel
1203 3943 1214 4014 {l
1239 3950 1269 3996 11
1289 3937 1480 3998 redtiusuomin

349 4021 381 4080 (i.
399 4037 421 4071 c.
440 4019 554 4080 nomen)
573 4018 676 4068 nubibo
700 4016 731 4080 (o
750 4033 817 4068 corr.
836 4021 862 4067 in
881 4016 906 4080 i)
926 4017 1076 4067 seobscura
1100 4016 1174 4065 uerit
1197 4015 1312 4080 cllepsin
1333 4016 1353 4065 C
1380 4013 1392 4079 ΙΙ
1420 4011 1479 4064 lah

350 4087 517 4150 (oti'idem
535 4088 619 4136 uideri
634 4086 732 4150 possit)
756 4085 872 4137 tamise
899 4081 911 4151 ΙΙ
945 4087 976 4134 16
995 4081 1150 4148 fragrantiis
1167 4082 1230 4134 (IDh
1259 4080 1271 4149 ll
1300 4076 1476 4167 aceendtidl

351 4158 381 4205 17
399 4155 480 4205 filicis
498 4163 605 4219 tetroque
623 4155 678 4204 loco
699 4154 718 4203 0
743 4149 755 4218 11
783 4153 1015 4203 1³·v·oc·rabro
1034 4151 1055 4202 0
1076 4149 1087 4217 {l
1112 4153 1143 4202 19
1161 4153 1189 4201 in
1208 4153 1430 4216 maginesluarro
1446 4147 1475 4198 C*

351 4225 381 4273 19
399 4224 487 4274 Varro
581 4223 614 4272 25
633 4220 728 4286 colligi
749 4238 784 4272 ex
802 4220 858 4286 Db,
883 4223 926 4286 qui
947 4228 1028 4271 taurea
1046 4222 1169 4284 integram
1186 4221 1298 4270 scholion
1315 4217 1479 4283 transcripsit,

349 4293 429 4342 edidit
452 4293 577 4342 Weberus
594 4307 623 4354 p.
641 4291 689 4340 507
718 4285 730 4354 ll
758 4291 791 4339 20
810 4289 923 4339 abuntia
943 4287 1006 4338 CDb
1035 4285 1047 4354 ll
1080 4287 1134 4336 dim
1153 4287 1346 4338 minutiones]
1373 4287 1480 4337 diminu-

350 4359 424 4408 tione
443 4357 485 4406 Itb
509 4357 520 4424 11
543 4360 574 4407 21
590 4363 638 4408 sut
652 4358 711 4422 pius
725 4357 845 4406 humoris
865 4397 869 4406 .
886 4397 891 4406 .
906 4397 911 4406 .
928 4397 933 4406 .
952 4358 985 4405 ‘22
998 4356 1101 4406 terreni
1115 4356 1261 4404 autminus
1274 4371 1313 4404 om
1327 4355 1348 4404 C
1364 4353 1410 4405 tac
1422 4356 1479 4404 ioco.

349 4428 396 4474 seit
412 4429 438 4474 ia
456 4429 503 4477 imo
520 4429 632 4490 margine
643 4428 665 4488 f.
678 4428 724 4476 88¹¹
743 4427 831 4476 (addito
842 4427 922 4488 rspice
942 4426 1060 4489 quotiens,
1083 4427 1153 4474 citius
1171 4433 1251 4474 toreca
1269 4425 1294 4473 in
1313 4431 1385 4472 texto
1403 4436 1479 4471 eneru-

348 4493 415 4559 plum
434 4498 535 4553 irretitur,
548 4502 690 4560 conpetunt
709 4491 721 4559 Η
743 4497 775 4544 22
790 4493 875 4543 erist)
897 4488 909 4559 ΙΙ
932 4492 1032 4558 249113
1046 4491 1065 4541 0
1086 4489 1099 4558 ΙΙ
1121 4494 1154 4543 25
1166 4493 1224 4542 suia
1238 4489 1315 4540 milia
1325 4507 1360 4555 pr
1372 4491 1400 4552 0,
1418 4489 1427 4538 i
1442 4503 1476 4536 su·

1284 4747 1288 4775 Ι
