<?xml version="1.0" encoding="UTF-8"?>
<!DOCTYPE html PUBLIC "-//W3C//DTD XHTML 1.0 Transitional//EN"
    "http://www.w3.org/TR/xhtml1/DTD/xhtml1-transitional.dtd">
<html xmlns="http://www.w3.org/1999/xhtml" xml:lang="en" lang="en">
 <head>
  <title>
</title>
<meta http-equiv="Content-Type" content="text/html;charset=utf-8" />
  <meta name='ocr-system' content='tesseract 3.04.00' />
  <meta name='ocr-capabilities' content='ocr_page ocr_carea ocr_par ocr_line ocrx_word'/>
</head>
<body>
  <div class='ocr_page' id='page_1' title='image "./scholiainlucani00usengoog_0017.png"; bbox 0 0 3294 5200; ppageno 0'>
   <div class='ocr_carea' id='block_1_1' title="bbox 420 1692 447 1809">
    <p class='ocr_par' dir='ltr' id='par_1_1' title="bbox 420 1692 447 1809">
     <span class='ocr_line' id='line_1_1' title="bbox 423 1692 443 1743; baseline 0 0"><span class='ocrx_word' id='word_1_1' title='bbox 423 1692 443 1743; x_wconf 78' lang='lat'><em>0</em></span> 
     </span>
     <span class='ocr_line' id='line_1_2' title="bbox 420 1760 447 1809; baseline 0 0"><span class='ocrx_word' id='word_1_2' title='bbox 420 1760 447 1809; x_wconf 94' lang='lat' dir='ltr'><em>B</em></span> 
     </span>
    </p>
   </div>
   <div class='ocr_carea' id='block_1_2' title="bbox 544 1689 1448 1961">
    <p class='ocr_par' dir='ltr' id='par_1_2' title="bbox 544 1689 1448 1961">
     <span class='ocr_line' id='line_1_3' title="bbox 546 1689 1079 1743; baseline -0.004 -1"><span class='ocrx_word' id='word_1_3' title='bbox 546 1690 632 1743; x_wconf 82' lang='lat' dir='ltr'>codex</span> <span class='ocrx_word' id='word_1_4' title='bbox 649 1692 797 1742; x_wconf 85' lang='lat' dir='ltr'><strong>Beruensis</strong></span> <span class='ocrx_word' id='word_1_5' title='bbox 817 1691 872 1742; x_wconf 87' lang='lat' dir='ltr'><strong>litt.</strong></span> <span class='ocrx_word' id='word_1_6' title='bbox 891 1691 941 1742; x_wconf 75' lang='lat'><strong>3⁷0</strong></span> <span class='ocrx_word' id='word_1_7' title='bbox 959 1707 1034 1742; x_wconf 89' lang='lat' dir='ltr'><strong>saec.</strong></span> <span class='ocrx_word' id='word_1_8' title='bbox 1053 1689 1079 1740; x_wconf 87' lang='lat' dir='ltr'>X</span> 
     </span>
     <span class='ocr_line' id='line_1_4' title="bbox 547 1759 1448 1812; baseline -0.002 -2"><span class='ocrx_word' id='word_1_9' title='bbox 547 1761 632 1810; x_wconf 87' lang='lat' dir='ltr'>codex</span> <span class='ocrx_word' id='word_1_10' title='bbox 650 1761 757 1809; x_wconf 89' lang='lat' dir='ltr'><strong>Lucani</strong></span> <span class='ocrx_word' id='word_1_11' title='bbox 779 1761 927 1810; x_wconf 85' lang='lat' dir='ltr'><strong>Bernensis</strong></span> <span class='ocrx_word' id='word_1_12' title='bbox 950 1760 1004 1812; x_wconf 90' lang='lat' dir='ltr'><strong>litt.</strong></span> <span class='ocrx_word' id='word_1_13' title='bbox 1026 1761 1060 1810; x_wconf 81' lang='lat'><strong>45</strong></span> <span class='ocrx_word' id='word_1_14' title='bbox 1086 1774 1160 1810; x_wconf 87' lang='lat' dir='ltr'><strong>saec.</strong></span> <span class='ocrx_word' id='word_1_15' title='bbox 1184 1759 1209 1809; x_wconf 97' lang='lat' dir='ltr'>X</span> <span class='ocrx_word' id='word_1_16' title='bbox 1236 1759 1313 1808; x_wconf 89' lang='lat' dir='ltr'><strong>cuius</strong></span> <span class='ocrx_word' id='word_1_17' title='bbox 1340 1759 1448 1809; x_wconf 87' lang='lat' dir='ltr'><strong>scholia</strong></span> 
     </span>
     <span class='ocr_line' id='line_1_5' title="bbox 546 1828 1448 1893; baseline -0.002 -15"><span class='ocrx_word' id='word_1_18' title='bbox 546 1828 619 1878; x_wconf 83' lang='lat' dir='ltr'><strong>ultra</strong></span> <span class='ocrx_word' id='word_1_19' title='bbox 638 1828 655 1878; x_wconf 92' lang='lat' dir='ltr'><strong>l.</strong></span> <span class='ocrx_word' id='word_1_20' title='bbox 669 1829 711 1878; x_wconf 91' lang='lat' dir='ltr'><strong>III</strong></span> <span class='ocrx_word' id='word_1_21' title='bbox 729 1829 778 1877; x_wconf 80' lang='lat'><strong>286</strong></span> <span class='ocrx_word' id='word_1_22' title='bbox 797 1843 851 1878; x_wconf 90' lang='lat' dir='ltr'><strong>non</strong></span> <span class='ocrx_word' id='word_1_23' title='bbox 871 1829 1079 1892; x_wconf 80' lang='lat' dir='ltr'><strong>continuantur,</strong></span> <span class='ocrx_word' id='word_1_24' title='bbox 1099 1831 1196 1893; x_wconf 87' lang='lat' dir='ltr'><strong>postea</strong></span> <span class='ocrx_word' id='word_1_25' title='bbox 1214 1828 1357 1877; x_wconf 83' lang='lat' dir='ltr'><strong>rarissima</strong></span> <span class='ocrx_word' id='word_1_26' title='bbox 1376 1843 1448 1878; x_wconf 92' lang='lat' dir='ltr'><strong>oom-</strong></span> 
     </span>
     <span class='ocr_line' id='line_1_6' title="bbox 544 1896 1062 1961; baseline 0.002 -17"><span class='ocrx_word' id='word_1_27' title='bbox 544 1900 642 1960; x_wconf 82' lang='lat' dir='ltr'><strong>parent</strong></span> <span class='ocrx_word' id='word_1_28' title='bbox 663 1910 752 1959; x_wconf 89' lang='lat' dir='ltr'><strong>neque</strong></span> <span class='ocrx_word' id='word_1_29' title='bbox 771 1912 805 1946; x_wconf 88' lang='lat' dir='ltr'><strong>ea</strong></span> <span class='ocrx_word' id='word_1_30' title='bbox 824 1911 883 1944; x_wconf 93' lang='lat' dir='ltr'><strong>cum</strong></span> <span class='ocrx_word' id='word_1_31' title='bbox 903 1896 924 1945; x_wconf 81' lang='lat' dir='ltr'><strong><em>G</em></strong></span> <span class='ocrx_word' id='word_1_32' title='bbox 941 1900 1062 1961; x_wconf 82' lang='lat' dir='ltr'><strong>cognata</strong></span> 
     </span>
    </p>
   </div>
   <div class='ocr_carea' id='block_1_3' title="bbox 421 1962 1240 2014">
    <p class='ocr_par' dir='ltr' id='par_1_3' title="bbox 421 1962 1240 2014">
     <span class='ocr_line' id='line_1_7' title="bbox 421 1962 1240 2014; baseline -0.001 -2"><span class='ocrx_word' id='word_1_33' title='bbox 421 1962 462 2012; x_wconf 88' lang='lat' dir='ltr'><strong>B¹</strong></span> <span class='ocrx_word' id='word_1_34' title='bbox 482 1962 523 2011; x_wconf 69' lang='grc' dir='ltr'><strong>Β2</strong></span> <span class='ocrx_word' id='word_1_35' title='bbox 546 1963 582 2014; x_wconf 91' lang='lat' dir='ltr'><strong>ad</strong></span> <span class='ocrx_word' id='word_1_36' title='bbox 600 1965 715 2013; x_wconf 90' lang='lat' dir='ltr'><strong>eundem</strong></span> <span class='ocrx_word' id='word_1_37' title='bbox 733 1963 823 2012; x_wconf 87' lang='lat' dir='ltr'><strong>locum</strong></span> <span class='ocrx_word' id='word_1_38' title='bbox 842 1963 944 2013; x_wconf 88' lang='lat' dir='ltr'><strong>codicis</strong></span> <span class='ocrx_word' id='word_1_39' title='bbox 961 1964 986 2012; x_wconf 93' lang='lat' dir='ltr'><em>B</em></span> <span class='ocrx_word' id='word_1_40' title='bbox 1004 1963 1114 2013; x_wconf 87' lang='lat' dir='ltr'><strong>diuersa</strong></span> <span class='ocrx_word' id='word_1_41' title='bbox 1132 1963 1240 2013; x_wconf 89' lang='lat' dir='ltr'><strong>scholia</strong></span> 
     </span>
    </p>
   </div>
   <div class='ocr_carea' id='block_1_4' title="bbox 309 2030 449 2148">
    <p class='ocr_par' dir='ltr' id='par_1_4' title="bbox 309 2030 449 2148">
     <span class='ocr_line' id='line_1_8' title="bbox 309 2030 449 2082; baseline -0.007 -2"><span class='ocrx_word' id='word_1_42' title='bbox 309 2033 376 2080; x_wconf 83' lang='lat' dir='ltr'><strong>iuter</strong></span> <span class='ocrx_word' id='word_1_43' title='bbox 392 2033 407 2082; x_wconf 86' lang='lat' dir='ltr'><strong>l.</strong></span> <span class='ocrx_word' id='word_1_44' title='bbox 422 2030 449 2079; x_wconf 94' lang='lat' dir='ltr'><em>B</em></span> 
     </span>
     <span class='ocr_line' id='line_1_9' title="bbox 386 2097 447 2148; baseline -0.033 0"><span class='ocrx_word' id='word_1_45' title='bbox 386 2101 405 2148; x_wconf 81' lang='lat' dir='ltr'><strong>il</strong></span> <span class='ocrx_word' id='word_1_46' title='bbox 422 2097 447 2146; x_wconf 90' lang='lat' dir='ltr'><em>B</em></span> 
     </span>
    </p>
   </div>
   <div class='ocr_carea' id='block_1_5' title="bbox 452 2228 464 2263">
    <p class='ocr_par' dir='ltr' id='par_1_5' title="bbox 452 2228 464 2263">
     <span class='ocr_line' id='line_1_10' title="bbox 452 2228 464 2263; baseline 0 0"><span class='ocrx_word' id='word_1_47' title='bbox 452 2228 464 2263; x_wconf 89' lang='lat' dir='ltr'><strong>b</strong></span> 
     </span>
    </p>
   </div>
   <div class='ocr_carea' id='block_1_6' title="bbox 544 2025 1450 2692">
    <p class='ocr_par' dir='ltr' id='par_1_6' title="bbox 548 2025 1446 2147">
     <span class='ocr_line' id='line_1_11' title="bbox 548 2025 1446 2145; baseline -0.002 -65"><span class='ocrx_word' id='word_1_48' title='bbox 548 2031 715 2145; x_wconf 65' lang='lat' dir='ltr'><strong>adsclriptum</strong></span> <span class='ocrx_word' id='word_1_49' title='bbox 739 2025 767 2079; x_wconf 84' lang='lat' dir='ltr'><strong>iu</strong></span> <span class='ocrx_word' id='word_1_50' title='bbox 790 2031 813 2080; x_wconf 91' lang='lat' dir='ltr'>B</span> <span class='ocrx_word' id='word_1_51' title='bbox 836 2047 919 2095; x_wconf 87' lang='lat' dir='ltr'><strong>supra</strong></span> <span class='ocrx_word' id='word_1_52' title='bbox 942 2047 1001 2081; x_wconf 88' lang='lat' dir='ltr'><strong>eum</strong></span> <span class='ocrx_word' id='word_1_53' title='bbox 1024 2046 1133 2081; x_wconf 88' lang='lat' dir='ltr'><strong>uersum</strong></span> <span class='ocrx_word' id='word_1_54' title='bbox 1158 2031 1192 2080; x_wconf 90' lang='lat' dir='ltr'><strong>ad</strong></span> <span class='ocrx_word' id='word_1_55' title='bbox 1215 2045 1294 2094; x_wconf 92' lang='lat' dir='ltr'><strong>quem</strong></span> <span class='ocrx_word' id='word_1_56' title='bbox 1317 2031 1446 2095; x_wconf 80' lang='lat' dir='ltr'><strong>pertinet,</strong></span> 
     </span>
     <span class='ocr_line' id='line_1_12' title="bbox 548 2099 672 2147; baseline -0.008 0"><span class='ocrx_word' id='word_1_57' title='bbox 548 2099 672 2147; x_wconf 85' lang='lat' dir='ltr'><strong>suhoion</strong></span> 
     </span>
    </p>

    <p class='ocr_par' dir='ltr' id='par_1_7' title="bbox 546 2165 1279 2216">
     <span class='ocr_line' id='line_1_13' title="bbox 546 2165 1279 2216; baseline 0.001 -2"><span class='ocrx_word' id='word_1_58' title='bbox 546 2166 732 2215; x_wconf 79' lang='lat' dir='ltr'><strong>correctiones</strong></span> <span class='ocrx_word' id='word_1_59' title='bbox 750 2167 826 2215; x_wconf 92' lang='lat' dir='ltr'><strong>Petri</strong></span> <span class='ocrx_word' id='word_1_60' title='bbox 843 2166 970 2215; x_wconf 80' lang='lat' dir='ltr'>Danielis</span> <span class='ocrx_word' id='word_1_61' title='bbox 991 2165 1081 2215; x_wconf 90' lang='lat' dir='ltr'><strong>codici</strong></span> <span class='ocrx_word' id='word_1_62' title='bbox 1100 2165 1121 2215; x_wconf 87' lang='lat' dir='ltr'><em>C</em></span> <span class='ocrx_word' id='word_1_63' title='bbox 1138 2165 1279 2216; x_wconf 83' lang='lat' dir='ltr'><strong>adhibitae</strong></span> 
     </span>
    </p>

    <p class='ocr_par' dir='ltr' id='par_1_8' title="bbox 545 2232 1448 2364">
     <span class='ocr_line' id='line_1_14' title="bbox 546 2232 1448 2298; baseline 0.002 -17"><span class='ocrx_word' id='word_1_64' title='bbox 546 2232 653 2281; x_wconf 89' lang='lat' dir='ltr'><strong>scholia</strong></span> <span class='ocrx_word' id='word_1_65' title='bbox 671 2233 691 2281; x_wconf 84' lang='lat'><em>0</em></span> <span class='ocrx_word' id='word_1_66' title='bbox 713 2232 808 2296; x_wconf 88' lang='lat' dir='ltr'><strong>qualia</strong></span> <span class='ocrx_word' id='word_1_67' title='bbox 825 2248 842 2282; x_wconf 88' lang='lat' dir='ltr'><strong>a</strong></span> <span class='ocrx_word' id='word_1_68' title='bbox 859 2233 891 2284; x_wconf 89' lang='lat' dir='ltr'><strong>P.</strong></span> <span class='ocrx_word' id='word_1_69' title='bbox 910 2233 1028 2282; x_wconf 83' lang='lat' dir='ltr'><strong>Daniele</strong></span> <span class='ocrx_word' id='word_1_70' title='bbox 1047 2232 1216 2298; x_wconf 80' lang='lat' dir='ltr'><strong>marginibus</strong></span> <span class='ocrx_word' id='word_1_71' title='bbox 1235 2233 1340 2283; x_wconf 90' lang='lat' dir='ltr'><strong>codicis</strong></span> <span class='ocrx_word' id='word_1_72' title='bbox 1357 2233 1383 2281; x_wconf 93' lang='lat' dir='ltr'><em>B</em></span> <span class='ocrx_word' id='word_1_73' title='bbox 1401 2234 1448 2283; x_wconf 89' lang='lat' dir='ltr'><strong>ad-</strong></span> 
     </span>
     <span class='ocr_line' id='line_1_15' title="bbox 545 2301 732 2364; baseline -0.005 -16"><span class='ocrx_word' id='word_1_74' title='bbox 545 2301 650 2364; x_wconf 88' lang='lat' dir='ltr'><strong>scripta</strong></span> <span class='ocrx_word' id='word_1_75' title='bbox 668 2304 732 2349; x_wconf 87' lang='lat' dir='ltr'><strong>sunt</strong></span> 
     </span>
    </p>

    <p class='ocr_par' dir='ltr' id='par_1_9' title="bbox 544 2367 1450 2568">
     <span class='ocr_line' id='line_1_16' title="bbox 547 2367 1450 2432; baseline 0.002 -16"><span class='ocrx_word' id='word_1_76' title='bbox 547 2367 712 2417; x_wconf 81' lang='lat' dir='ltr'><strong>scholiorum</strong></span> <span class='ocrx_word' id='word_1_77' title='bbox 729 2367 844 2432; x_wconf 88' lang='lat' dir='ltr'><strong>antiqua</strong></span> <span class='ocrx_word' id='word_1_78' title='bbox 858 2367 963 2432; x_wconf 81' lang='lat' dir='ltr'><strong>sylloge</strong></span> <span class='ocrx_word' id='word_1_79' title='bbox 983 2369 1027 2416; x_wconf 91' lang='lat' dir='ltr'><strong>cui</strong></span> <span class='ocrx_word' id='word_1_80' title='bbox 1045 2367 1270 2418; x_wconf 79' lang='lat' dir='ltr'><strong>‘Adnotationes’</strong></span> <span class='ocrx_word' id='word_1_81' title='bbox 1290 2383 1388 2418; x_wconf 87' lang='lat' dir='ltr'><strong>nomen</strong></span> <span class='ocrx_word' id='word_1_82' title='bbox 1407 2373 1450 2419; x_wconf 90' lang='lat' dir='ltr'><strong>est</strong></span> 
     </span>
     <span class='ocr_line' id='line_1_17' title="bbox 547 2433 1448 2487; baseline 0.001 -3"><span class='ocrx_word' id='word_1_83' title='bbox 547 2435 634 2484; x_wconf 84' lang='lat' dir='ltr'><strong>codex</strong></span> <span class='ocrx_word' id='word_1_84' title='bbox 652 2433 860 2484; x_wconf 84' lang='lat' dir='ltr'><strong>Gemblacensis</strong></span> <span class='ocrx_word' id='word_1_85' title='bbox 879 2450 952 2485; x_wconf 88' lang='lat' dir='ltr'><strong>nunc</strong></span> <span class='ocrx_word' id='word_1_86' title='bbox 967 2435 1155 2485; x_wconf 84' lang='lat' dir='ltr'><strong>Bruxeliensis</strong></span> <span class='ocrx_word' id='word_1_87' title='bbox 1173 2436 1362 2487; x_wconf 77' lang='lat' dir='ltr'><strong>bibliothecae</strong></span> <span class='ocrx_word' id='word_1_88' title='bbox 1380 2437 1448 2486; x_wconf 91' lang='lat' dir='ltr'><strong>Bur·</strong></span> 
     </span>
     <span class='ocr_line' id='line_1_18' title="bbox 544 2502 950 2568; baseline 0 -17"><span class='ocrx_word' id='word_1_89' title='bbox 544 2502 682 2568; x_wconf 82' lang='lat' dir='ltr'><strong>gundicae</strong></span> <span class='ocrx_word' id='word_1_90' title='bbox 701 2518 728 2552; x_wconf 90' lang='lat' dir='ltr'><strong>n.</strong></span> <span class='ocrx_word' id='word_1_91' title='bbox 748 2504 815 2553; x_wconf 79' lang='lat'>5330</span> <span class='ocrx_word' id='word_1_92' title='bbox 832 2517 906 2556; x_wconf 89' lang='lat' dir='ltr'><strong>saec.</strong></span> <span class='ocrx_word' id='word_1_93' title='bbox 925 2503 950 2551; x_wconf 87' lang='lat' dir='ltr'>X</span> 
     </span>
    </p>

    <p class='ocr_par' dir='ltr' id='par_1_10' title="bbox 546 2569 1447 2692">
     <span class='ocr_line' id='line_1_19' title="bbox 547 2569 1447 2636; baseline 0.002 -17"><span class='ocrx_word' id='word_1_94' title='bbox 547 2570 633 2620; x_wconf 86' lang='lat' dir='ltr'><strong>codex</strong></span> <span class='ocrx_word' id='word_1_95' title='bbox 651 2569 796 2620; x_wconf 87' lang='lat' dir='ltr'><strong>Leidensis</strong></span> <span class='ocrx_word' id='word_1_96' title='bbox 816 2571 887 2620; x_wconf 91' lang='lat' dir='ltr'><strong>inter</strong></span> <span class='ocrx_word' id='word_1_97' title='bbox 904 2571 1054 2622; x_wconf 79' lang='lat' dir='ltr'><strong>Vossianus</strong></span> <span class='ocrx_word' id='word_1_98' title='bbox 1071 2569 1120 2619; x_wconf 87' lang='lat' dir='ltr'><strong>lat.</strong></span> <span class='ocrx_word' id='word_1_99' title='bbox 1138 2571 1210 2623; x_wconf 86' lang='lat' dir='ltr'>XIX.</span> <span class='ocrx_word' id='word_1_100' title='bbox 1235 2587 1259 2636; x_wconf 89' lang='lat' dir='ltr'><strong>q.</strong></span> <span class='ocrx_word' id='word_1_101' title='bbox 1278 2572 1309 2621; x_wconf 85' lang='lat'><strong>51</strong></span> <span class='ocrx_word' id='word_1_102' title='bbox 1329 2587 1401 2622; x_wconf 88' lang='lat' dir='ltr'><strong>saec.</strong></span> <span class='ocrx_word' id='word_1_103' title='bbox 1423 2573 1447 2620; x_wconf 92' lang='lat' dir='ltr'>X</span> 
     </span>
     <span class='ocr_line' id='line_1_20' title="bbox 546 2637 1376 2692; baseline -0.001 -4"><span class='ocrx_word' id='word_1_104' title='bbox 546 2638 633 2688; x_wconf 85' lang='lat' dir='ltr'><strong>codex</strong></span> <span class='ocrx_word' id='word_1_105' title='bbox 651 2637 797 2688; x_wconf 89' lang='lat' dir='ltr'><strong>Leidensis</strong></span> <span class='ocrx_word' id='word_1_106' title='bbox 815 2638 887 2689; x_wconf 90' lang='lat' dir='ltr'><strong>inter</strong></span> <span class='ocrx_word' id='word_1_107' title='bbox 906 2639 1053 2688; x_wconf 86' lang='lat' dir='ltr'><strong>Vossianos</strong></span> <span class='ocrx_word' id='word_1_108' title='bbox 1070 2639 1119 2689; x_wconf 87' lang='lat' dir='ltr'><strong>lat.</strong></span> <span class='ocrx_word' id='word_1_109' title='bbox 1139 2638 1187 2692; x_wconf 83' lang='lat' dir='ltr'><strong>fol.</strong></span> <span class='ocrx_word' id='word_1_110' title='bbox 1206 2640 1238 2689; x_wconf 87' lang='lat'><strong>63</strong></span> <span class='ocrx_word' id='word_1_111' title='bbox 1256 2653 1331 2691; x_wconf 86' lang='lat' dir='ltr'><strong>saec.</strong></span> <span class='ocrx_word' id='word_1_112' title='bbox 1350 2639 1376 2687; x_wconf 88' lang='lat' dir='ltr'>X</span> 
     </span>
    </p>
   </div>
   <div class='ocr_carea' id='block_1_7' title="bbox 309 2806 1448 3075">
    <p class='ocr_par' dir='ltr' id='par_1_11' title="bbox 309 2806 1448 3075">
     <span class='ocr_line' id='line_1_21' title="bbox 375 2806 1448 2873; baseline 0 -18"><span class='ocrx_word' id='word_1_113' title='bbox 375 2807 404 2855; x_wconf 92' lang='lat' dir='ltr'><strong>in</strong></span> <span class='ocrx_word' id='word_1_114' title='bbox 426 2811 504 2857; x_wconf 88' lang='lat' dir='ltr'><strong>textu</strong></span> <span class='ocrx_word' id='word_1_115' title='bbox 527 2823 594 2873; x_wconf 89' lang='lat' dir='ltr'><strong>quas</strong></span> <span class='ocrx_word' id='word_1_116' title='bbox 612 2808 671 2872; x_wconf 88' lang='lat' dir='ltr'><strong>ipse</strong></span> <span class='ocrx_word' id='word_1_117' title='bbox 696 2807 789 2857; x_wconf 88' lang='lat' dir='ltr'><strong>addidi</strong></span> <span class='ocrx_word' id='word_1_118' title='bbox 811 2806 869 2857; x_wconf 89' lang='lat' dir='ltr'><strong>siue</strong></span> <span class='ocrx_word' id='word_1_119' title='bbox 893 2808 1006 2860; x_wconf 87' lang='lat' dir='ltr'><strong>litteras</strong></span> <span class='ocrx_word' id='word_1_120' title='bbox 1029 2809 1088 2857; x_wconf 90' lang='lat' dir='ltr'><strong>siue</strong></span> <span class='ocrx_word' id='word_1_121' title='bbox 1108 2823 1192 2859; x_wconf 90' lang='lat' dir='ltr'><strong>uoces</strong></span> <span class='ocrx_word' id='word_1_122' title='bbox 1211 2808 1311 2858; x_wconf 90' lang='lat' dir='ltr'><strong>litteris</strong></span> <span class='ocrx_word' id='word_1_123' title='bbox 1330 2807 1448 2858; x_wconf 87' lang='lat' dir='ltr'><strong>cursiuis</strong></span> 
     </span>
     <span class='ocr_line' id='line_1_22' title="bbox 310 2875 1448 2942; baseline 0 -18"><span class='ocrx_word' id='word_1_124' title='bbox 310 2876 425 2938; x_wconf 83' lang='lat' dir='ltr'><strong>exprimi</strong></span> <span class='ocrx_word' id='word_1_125' title='bbox 443 2876 520 2927; x_wconf 91' lang='lat' dir='ltr'><strong>iussi.</strong></span> <span class='ocrx_word' id='word_1_126' title='bbox 555 2891 625 2939; x_wconf 90' lang='lat' dir='ltr'><strong>quae</strong></span> <span class='ocrx_word' id='word_1_127' title='bbox 642 2875 749 2942; x_wconf 73' lang='lat' dir='ltr'><strong>codicis</strong></span> <span class='ocrx_word' id='word_1_128' title='bbox 769 2876 789 2924; x_wconf 80' lang='lat'><em>0</em></span> <span class='ocrx_word' id='word_1_129' title='bbox 806 2875 899 2924; x_wconf 85' lang='lat' dir='ltr'><strong>uerbis</strong></span> <span class='ocrx_word' id='word_1_130' title='bbox 919 2881 1031 2927; x_wconf 85' lang='lat' dir='ltr'><strong>auctore</strong></span> <span class='ocrx_word' id='word_1_131' title='bbox 1051 2876 1076 2924; x_wconf 90' lang='lat' dir='ltr'><em>B</em></span> <span class='ocrx_word' id='word_1_132' title='bbox 1095 2876 1189 2926; x_wconf 88' lang='lat' dir='ltr'><strong>codice</strong></span> <span class='ocrx_word' id='word_1_133' title='bbox 1208 2876 1325 2938; x_wconf 87' lang='lat' dir='ltr'><strong>inserui,</strong></span> <span class='ocrx_word' id='word_1_134' title='bbox 1345 2891 1379 2926; x_wconf 88' lang='lat' dir='ltr'><strong>ea</strong></span> <span class='ocrx_word' id='word_1_135' title='bbox 1396 2875 1448 2925; x_wconf 90' lang='lat' dir='ltr'><strong>hoc</strong></span> 
     </span>
     <span class='ocr_line' id='line_1_23' title="bbox 310 2940 1444 3009; baseline 0.002 -19"><span class='ocrx_word' id='word_1_136' title='bbox 310 2943 495 2992; x_wconf 84' lang='lat' dir='ltr'><strong>cancellorum</strong></span> <span class='ocrx_word' id='word_1_137' title='bbox 514 2957 616 3007; x_wconf 81' lang='lat' dir='ltr'><strong>genere</strong></span> <span class='ocrx_word' id='word_1_138' title='bbox 629 2941 694 3006; x_wconf 91' lang='lat'><strong>(-)</strong></span> <span class='ocrx_word' id='word_1_139' title='bbox 709 2942 832 2991; x_wconf 86' lang='lat' dir='ltr'><strong>distinxi.</strong></span> <span class='ocrx_word' id='word_1_140' title='bbox 863 2943 891 2992; x_wconf 91' lang='lat' dir='ltr'><strong>in</strong></span> <span class='ocrx_word' id='word_1_141' title='bbox 911 2943 1090 2993; x_wconf 83' lang='lat' dir='ltr'><strong>adnotatione</strong></span> <span class='ocrx_word' id='word_1_142' title='bbox 1110 2943 1209 2992; x_wconf 88' lang='lat' dir='ltr'><strong>critica</strong></span> <span class='ocrx_word' id='word_1_143' title='bbox 1227 2943 1270 2992; x_wconf 91' lang='lat' dir='ltr'><strong>his</strong></span> <span class='ocrx_word' id='word_1_144' title='bbox 1288 2943 1367 2992; x_wconf 86' lang='lat' dir='ltr'><strong>uncis</strong></span> <span class='ocrx_word' id='word_1_145' title='bbox 1382 2940 1444 3009; x_wconf 86' lang='lat'><strong>[-]</strong></span> 
     </span>
     <span class='ocr_line' id='line_1_24' title="bbox 309 3009 1447 3075; baseline 0.001 -16"><span class='ocrx_word' id='word_1_146' title='bbox 309 3025 359 3059; x_wconf 84' lang='lat' dir='ltr'><strong>eae</strong></span> <span class='ocrx_word' id='word_1_147' title='bbox 382 3009 493 3060; x_wconf 86' lang='lat' dir='ltr'><strong>litterae</strong></span> <span class='ocrx_word' id='word_1_148' title='bbox 517 3009 711 3059; x_wconf 87' lang='lat' dir='ltr'><strong>discernuntur</strong></span> <span class='ocrx_word' id='word_1_149' title='bbox 735 3025 803 3075; x_wconf 89' lang='lat' dir='ltr'><strong>quas</strong></span> <span class='ocrx_word' id='word_1_150' title='bbox 831 3025 971 3060; x_wconf 88' lang='lat' dir='ltr'><strong>erasarum</strong></span> <span class='ocrx_word' id='word_1_151' title='bbox 1000 3011 1062 3061; x_wconf 90' lang='lat' dir='ltr'><strong>loco</strong></span> <span class='ocrx_word' id='word_1_152' title='bbox 1092 3010 1294 3060; x_wconf 86' lang='lat' dir='ltr'><strong>substituerunt</strong></span> <span class='ocrx_word' id='word_1_153' title='bbox 1323 3011 1447 3060; x_wconf 88' lang='lat' dir='ltr'><strong>codicum</strong></span> 
     </span>
    </p>
   </div>
   <div class='ocr_carea' id='block_1_8' title="bbox 309 3078 811 3144">
    <p class='ocr_par' dir='ltr' id='par_1_12' title="bbox 309 3078 811 3144">
     <span class='ocr_line' id='line_1_25' title="bbox 309 3078 811 3144; baseline 0.006 -18"><span class='ocrx_word' id='word_1_154' title='bbox 309 3078 368 3126; x_wconf 88' lang='lat' dir='ltr'><strong>siue</strong></span> <span class='ocrx_word' id='word_1_155' title='bbox 387 3080 536 3144; x_wconf 89' lang='lat' dir='ltr'><strong>scriptores</strong></span> <span class='ocrx_word' id='word_1_156' title='bbox 554 3082 612 3128; x_wconf 88' lang='lat' dir='ltr'><strong>siue</strong></span> <span class='ocrx_word' id='word_1_157' title='bbox 632 3081 811 3129; x_wconf 85' lang='lat' dir='ltr'><strong>correctores.</strong></span> 
     </span>
    </p>
   </div>
   <div class='ocr_carea' id='block_1_9' title="bbox 0 0 1652 5200">
    <p class='ocr_par' dir='ltr' id='par_1_13' title="bbox 0 0 1652 5200">
     <span class='ocr_line' id='line_1_26' title="bbox 0 0 1652 5200; baseline 0 0"><span class='ocrx_word' id='word_1_158' title='bbox 0 0 1652 5200; x_wconf 95' lang='lat' dir='ltr'><strong> </strong></span> 
     </span>
    </p>
   </div>
  </div>
 </body>
</html>
