3312 5200
1270 409 1347 458 VIIII

205 567 334 634 scholiis
370 539 517 650 oppletos
546 565 801 649 Reiffenbergius
830 564 1080 647 praedicanerat,
1115 585 1211 647 opera
1245 562 1349 626 danda

206 689 286 763 erat,
315 707 409 769 quem
438 684 478 748 ad
511 683 734 748 adnotationes
763 682 972 747 recensendas
999 705 1066 746 non
1093 682 1156 746 leui
1185 683 1348 746 momento

204 805 345 868 iirturum
361 825 430 868 esse
445 801 620 866 accuratius
643 800 993 892 inspicientirpatebat:
1017 801 1083 864 eius
1098 802 1135 863 ut
1155 797 1235 864 mihi
1258 798 1350 882 copia

205 924 308 1000 fieret,
337 922 387 985 uir
416 921 618 1004 perinlustris
647 942 741 1003 quern
768 941 824 983 rex
852 919 1094 1002 augustissimus
1128 921 1238 982 noster
1265 916 1349 1000 apud

205 1040 323 1124 Belgas
351 1039 390 1103 de
419 1039 484 1102 suis
513 1039 733 1121 sociorumque
760 1037 854 1101 rebus
883 1037 1024 1120 legatum
1047 1057 1116 1100 esse
1138 1035 1246 1118 iussit,
1269 1035 1350 1099 liber

205 1159 282 1222 baro
306 1158 344 1222 de
358 1156 460 1221 Balan
483 1157 528 1220 ita
550 1157 668 1239 effecit,
690 1159 727 1219 ut
748 1178 812 1218 una
834 1176 931 1238 opera
946 1157 978 1218 et
1000 1153 1181 1218 comitatem
1203 1154 1350 1218 eximiam

208 1279 240 1340 et
261 1275 440 1340 officiosum
461 1275 639 1340 litterarum
662 1294 802 1339 amorem
825 1272 1001 1337 luculenter
1022 1272 1214 1356 probauerit,

291 1394 337 1458 sic
353 1397 445 1457 aucto
464 1393 613 1457 editionis
630 1395 662 1457 et
683 1393 895 1456 instrumento
919 1394 952 1454 et
974 1391 1080 1454 officio
1102 1391 1136 1453 in
1159 1377 1350 1454 contrariam

208 1511 337 1575 delabar
352 1511 584 1576 dubitationem
600 1511 629 1574 ei
645 1531 724 1593 quae
739 1513 775 1572 ut
791 1511 971 1572 commenta
985 1509 1111 1593 integra
1124 1505 1350 1593 pertractarem

206 1629 330 1714 pridem
352 1651 403 1692 me
426 1630 650 1693 commoneret.
690 1629 859 1713 plenamne
883 1626 1008 1690 ederem
1030 1627 1237 1711 farraginem,
1259 1628 1351 1690 utilia

207 1749 240 1811 et
262 1769 300 1810 ex
322 1747 453 1830 antiqua
476 1746 652 1811 eruditione
675 1745 814 1809 delibata
835 1745 923 1808 iuxta
938 1741 1010 1808 cum
1024 1744 1185 1808 uilissimis
1209 1748 1241 1809 et
1262 1745 1350 1828 inep-

207 1865 363 1929 tissimis?
394 1885 436 1928 an
458 1866 658 1948 decerperem
681 1863 843 1948 grauiora,
865 1863 980 1926 uiliora
1000 1863 1142 1926 tenebris
1164 1862 1349 1958 redderem?

206 1983 270 2046 fuit
291 2005 367 2047 sane
384 2005 455 2047 eum
471 1983 516 2046 sic
531 1983 713 2047 faciendum
728 1981 953 2070 decreuissem,
968 1982 1005 2043 ut
1019 1980 1219 2065 decerperem
1233 1983 1350 2064 potius

208 2104 242 2164 at
268 2101 336 2165 fieri
364 2104 491 2188 poterat
518 2103 555 2163 ut
582 2123 662 2184 quae
685 2100 755 2164 aliis
780 2103 829 2162 sat
856 2099 967 2183 grauia
989 2103 1021 2163 et
1045 2099 1137 2163 utilia
1158 2099 1350 2183 uiderentur,

208 2239 227 2281 a
253 2241 303 2282 me
331 2218 531 2283 abicerentur
562 2219 718 2302 naucique
751 2216 952 2281 haberentur.
1009 2240 1102 2281 nemo
1137 2219 1221 2282 enim
1254 2217 1351 2282 homo

207 2336 292 2398 ultra
306 2358 340 2399 se
361 2337 430 2419 ipse
446 2337 538 2419 sapit.
568 2357 663 2418 porro
679 2337 731 2399 uel
752 2335 936 2400 futilissima
958 2357 1099 2419 quaeque
1120 2341 1149 2400 ei
1171 2339 1226 2420 qui
1248 2359 1351 2401 emen-

209 2453 313 2516 dando
335 2453 464 2518 Lucano
487 2476 617 2537 operam
638 2457 811 2518 nauaturus
835 2455 877 2518 sit
901 2458 1064 2538 tamquam
1085 2456 1269 2519 testimonia
1290 2457 1352 2519 lec-

209 2572 305 2635 tionis
339 2572 501 2636 codicibus
535 2574 637 2636 multo
671 2572 850 2655 antiquiora
882 2574 1027 2636 accurate
1062 2573 1288 2656 perpendenda
1322 2577 1353 2637 et

209 2690 405 2753 aestimanda
434 2692 534 2775 erunt.
579 2690 686 2773 itaque
715 2689 742 2753 si
769 2711 853 2752 noua
880 2691 1006 2753 tantum
1028 2693 1060 2753 et
1087 2690 1209 2754 erudita
1232 2690 1353 2755 scholia

209 2809 392 2892 elegissem,
414 2809 557 2871 futurum
572 2809 640 2871 erat
661 2810 698 2870 ut
719 2829 780 2892 ego
796 2807 1044 2892 quaeegissem,
1066 2830 1140 2872 mox
1155 2808 1225 2872 aliis
1248 2809 1353 2874 denuc

209 2926 333 3010 agenda
347 2926 461 2989 meritc
476 2925 668 2989 uiderentur.
705 2925 738 2989 id
761 2947 855 3008 quam
870 2926 1006 2990 maxime
1027 2926 1096 2990 fieri
1118 2930 1226 3010 potest
1241 2949 1352 2991 cauen-

210 3028 285 3107 dum
299 3043 379 3108 mihi
387 3031 519 3108 'uidetur
534 3044 579 3106 eis
594 3044 781 3128 praesertim
798 3043 852 3127 qui
874 3044 973 3108 libros
989 3044 1096 3128 quales
1112 3067 1183 3109 raro
1206 3046 1369 3130 legantur

211 3160 317 3226 edunt.
341 3161 476 3246 denique
491 3161 699 3244 paucissimos
714 3149 861 3225 {ridebam
874 3163 969 3227 etiam
984 3185 1070 3226 nunc
1085 3163 1256 3248 scriptores
1268 3165 1352 3228 Lati·
1434 3134 1442 3145 Ι

208 3299 270 3344 nos
281 3301 348 3343 esse
363 3301 497 3363 qnorum
513 3278 635 3343 scholia
647 3279 693 3342 sic
704 3281 740 3342 ut
755 3282 882 3362 oportet
897 3280 1031 3345 collecta
1043 3284 1075 3344 et
1088 3284 1224 3345 tractata
1236 3291 1351 3346 essent.

211 3418 306 3480 quare
327 3397 389 3460 hoc
410 3397 490 3461 mihi
519 3391 687 3484 consilium
715 3397 790 3481 fuit,
819 3401 855 3460 ut
877 3399 969 3462 editis
993 3398 1087 3463 simul
1110 3401 1298 3464 commentis
1322 3405 1353 3464 et

211 3515 486 3598 adnotationibus,
509 3503 604 3598 quem
625 3515 665 3578 ad
688 3515 818 3580 modum
840 3539 879 3580 ex
901 3517 1099 3599 antiquitatis
1115 3517 1292 3581 eruditione
1314 3519 1352 3580 ad

210 3633 306 3696 medii
327 3633 396 3696 aeui
418 3633 578 3697 inscitiam
600 3634 766 3716 paullatim
788 3634 963 3697 litterarum
982 3633 1086 3697 studia
1101 3633 1221 3698 deflexa
1237 3639 1352 3719 essent,

211 3749 387 3814 accuratius
409 3755 520 3834 posset
540 3751 695 3836 intellegi.
844 3834 847 3840 Ι

294 3868 384 3932 uides
411 3869 456 3933 mi
477 3869 633 3934 Ritscheli
661 3870 752 3933 fatali
774 3869 925 3953 ‘quadam
954 3872 1153 3936 catenatione
1176 3882 1352 3937 causarum'

209 4007 261 4048 me
282 3988 420 4050 tractum
434 3987 532 4051 fuisse
548 3989 730 4071 ardorisque
745 3988 900 4052 iuuenalis
916 3994 966 4054 sat
982 4012 1097 4074 graues
1111 4013 1230 4074 poenas
1246 3991 1351 4074 luisse,

211 4102 285 4166 dnm
301 4125 339 4168 ex
355 4105 495 4168 amoenis
511 4127 673 4169 musarum
693 4107 792 4190 pratis
815 4108 849 4171 in
871 4108 963 4172 deuia
978 4129 1014 4171 ac
1036 4108 1169 4173 dumosa
1187 4130 1262 4171 saxa
1284 4089 1352 4172 abs·¹

209 4220 330 4286 trudor.
383 4222 438 4286 sed
468 4227 513 4286 ut·
537 4224 685 4289 enitendo
721 4225 819 4288 ardua
854 4248 967 4310 corpus
1000 4226 1150 4312 uigescit,
1180 4227 1226 4290 ita
1253 4229 1353 4291 menti

211 4339 345 4402 salubris
360 4339 440 4404 haec
455 4364 527 4406 cum
541 4343 742 4408 librariorum
756 4346 914 4429 portentis
930 4349 979 4409 est
993 4345 1135 4409 luctatio.
1158 4367 1218 4410 nec
1229 4346 1352 4412 sudoris

209 4479 261 4521 me
291 4459 485 4543 poenitebit,
513 4460 608 4524 modo
636 4465 672 4525 tn
699 4463 898 4546 prouinciam
919 4464 1004 4528 recte
1026 4465 1235 4549 gnauiterque
1262 4488 1353 4530 ame
